3824 5450
687 1561 835 1629 LlBER
867 1560 1105 1643 QUARTUS.

396 2001 627 2075 Hucruuus
646 2003 744 2074 haud
762 2005 883 2099 segnis
901 2001 1049 2078 Naturae
1067 2028 1199 2077 areana
1216 2005 1330 2078 retexi

345 2150 532 2222 Musarum
550 2152 740 2246 interpres,
758 2153 964 2244 primusque
983 2149 1157 2221 Britanna
1172 2172 1239 2245 per
1256 2173 1342 2221 arva

345 2299 507 2370 Romarm
524 2300 699 2394 liquidum
718 2299 850 2371 deduxi
868 2298 1011 2369 llumiue
1029 2299 1157 2369 rivum.

345 2445 438 2518 Cum
455 2447 511 2518 Tu
529 2471 636 2540 opere
654 2449 691 2518 in
708 2449 839 2536 medio,
858 2472 941 2541 spes
960 2447 1050 2518 tanti
1069 2458 1106 2518 et
1123 2471 1231 2519 causa
1249 2447 1394 2533 laberis,

342 2595 503 2690 Linquis,
522 2605 559 2668 et
575 2605 745 2668 aetemam
763 2597 828 2668 fati
846 2607 882 2668 te
901 2595 1025 2668 condis
1043 2597 1079 2666 in
1096 2593 1283 2668 umbram!
1414 2624 1435 2696 5

342 2746 425 2818 viui
445 2756 589 2843 egomet
606 2746 695 2819 duro
713 2749 872 2843 graviter
890 2769 1068 2853 concussa
1082 2745 1203 2818 delore

345 2901 507 2988 Pectora,
527 2901 562 2972 in
581 2901 728 2974 alterius
746 2926 817 2974 non
835 2923 991 2996 uuquam
1010 2899 1108 2972 lenta
1124 2899 1307 2983 dolorern;

344 3054 392 3126 Et
407 3054 578 3150 languere
597 3055 718 3128 oculos
735 3055 823 3142 vidi,
842 3064 879 3127 et
895 3054 1090 3148 pallescere
1109 3061 1288 3125 amantem

344 3207 504 3294 Vultum,
523 3233 593 3302 quo
611 3231 792 3302 nunquam
813 3203 932 3279 Pietas
950 3207 1018 3278 nisi
1036 3229 1127 3288 rara,
1149 3205 1337 3300 Fidesque,

346 3352 456 3428 Altus
475 3381 574 3428 amor
591 3357 688 3444 Veri,
707 3367 745 3428 et
760 3380 890 3452 purum
909 3355 1070 3450 spirabat
1088 3355 1301 3426 Honestum.
1398 3387 1437 3432 re

345 3505 432 3576 Visa
449 3515 569 3578 tamen
588 3507 681 3577 tardi
700 3507 843 3578 demum
861 3505 1091 3577 inclementia
1107 3503 1222 3576 morbi

347 3652 501 3728 Cessare
520 3664 586 3742 est,
605 3656 846 3749 reducemque
865 3656 994 3726 iterum
1012 3676 1115 3725 roseo
1133 3675 1194 3723 ore
1212 3647 1371 3723 Salutem

346 3803 509 3898 Speravi,
527 3813 635 3898 atque
654 3827 726 3875 una
743 3814 875 3890 tecum,
895 3803 1025 3875 dilecte
1043 3802 1177 3874 Favoni
1192 3799 1200 3870 l

278 3980 280 3982 ·
347 3947 526 4021 Credulus
544 3948 615 4020 heu
632 3948 772 4042 longos,
790 3953 831 4017 ut
849 3947 1040 4042 quendam,
1058 3947 1181 4018 fallere
1200 3946 1312 4019 Soles.

347 4103 430 4174 Heu
448 4126 531 4197 spes
548 4102 784 4196 nequicquam
805 4099 940 4188 dulces,
958 4109 1066 4195 atque
1084 4099 1185 4171 irritu
1201 4085 1308 4170 veta!
1399 4125 1436 4196 15

347 4248 431 4320 Heu
448 4259 596 4320 moestos
617 4247 729 4334 Soles,
748 4249 825 4320 sinc
844 4258 879 4319 tc
898 4271 987 4342 quos
1006 4248 1137 4319 (lucere
1155 4246 1273 4318 flenda

347 4399 414 4472 Per
432 4399 621 4487 desideria,
640 4409 676 4471 el
695 4406 840 4494 questus
855 4397 929 4492 jum
949 4419 1058 4492 cogor
1076 4396 1199 4467 inanes
1215 4391 1223 4463 l
