3824 5450
654 1549 881 1638 cnauusu
917 1560 1180 1637 PRINCIPIA.

423 2012 506 2087 Qur
525 2013 661 2108 primus
679 2035 800 2086 sacros
817 2014 967 2109 potuisti
984 2013 1156 2088 accedere
1173 2012 1303 2101 fontes,

373 2162 479 2238 Unde
497 2163 636 2260 aperire
653 2163 749 2237 viam
767 2165 855 2253 veri,
873 2173 981 2263 atque
1000 2187 1187 2263 erumpere
1204 2187 1284 2241 sese

371 2314 402 2386 E
420 2312 578 2386 tenebris
595 2312 706 2385 audet
720 2313 824 2403 ratio,
842 2323 916 2404 tua,
934 2314 1082 2412 Magne,
1099 2324 1244 2412 reperta

372 2462 588 2560 Aggredior,
606 2463 637 2534 si
655 2486 726 2559 qua
742 2463 816 2536 ulla
832 2473 971 2538 vocatae
989 2466 1107 2561 gratia
1123 2463 1242 2537 Musae

372 2615 557 2689 Dissolvat
573 2613 693 2711 gelida
710 2622 917 2688 concretum
935 2615 1108 2711 temperie
1127 2637 1200 2703 cor,
1442 2637 1464 2708 5

372 2764 493 2862 Atque
509 2763 678 2838 hebetem
694 2789 828 2862 magno
844 2775 1010 2839 naturam
1028 2766 1205 2840 accendat
1221 2787 1356 2838 amore.

425 2911 606 3005 Principio
622 2913 756 3006 passim
774 2914 892 3008 spatia
908 2914 1090 3009 indigesta
1106 2914 1255 2987 tenebat

376 3057 532 3130 Lubrica
547 3057 727 3146 materies,
745 3058 918 3154 crudique
936 3061 1127 3132 trementia
1142 3059 1267 3131 mundi

376 3207 545 3289 Semina;
571 3229 638 3279 nec
656 3229 810 3279 vacuum
826 3207 916 3280 illud
933 3217 1022 3297 erat,
1040 3209 1106 3281 sed
1121 3209 1230 3304 plena
1246 3207 1418 3282 volabant

376 3356 546 3451 Corpora.
596 3354 689 3428 Turn
707 3356 860 3428 assiduis
877 3357 972 3430 inter
989 3380 1028 3430 se
1045 3357 1202 3430 motibus
1219 3367 1302 3430 acta
1426 3387 1468 3432 ro

374 3505 528 3602 Liquida
544 3517 718 3595 ramenta,
737 3515 775 3580 et
791 3507 904 3580 teneri
923 3531 1066 3604 coepcre
1084 3531 1236 3602 vapores

374 3655 556 3744 Diffluere,
574 3666 612 3728 et
627 3664 769 3728 vastum
787 3679 866 3767 sese
884 3654 1127 3752 Labyrinthus
1143 3656 1181 3726 in
1198 3677 1321 3750 aequor

373 3803 569 3899 Explicuit,
586 3804 743 3900 fecitque
760 3803 869 3891 viarn,
887 3827 959 3899 qua
975 3803 1244 3899 praecipitantes

374 3951 604 4026 Conflucrcnt
620 3952 742 4040 ammi,
760 3961 798 4024 ct
814 3951 950 4024 solidus
968 3951 1190 4024 coalesceret
1206 3951 1316 4024 orbis.

423 4101 543 4198 Major
559 4103 692 4176 abhinc
709 4127 827 4175 rerum
845 4104 968 4191 facies
987 4113 1024 4176 ct
1041 4105 1200 4177 sarictior
1216 4129 1303 4176 usus
1426 4130 1440 4174 r
1444 4127 1465 4194 5

373 4253 567 4336 Exoritur3
594 4254 778 4349 voluitque
797 4255 989 4327 animatam
1008 4255 1144 4327 foedere
1160 4256 1232 4328 fixo

375 4404 432 4476 Irc
450 4402 549 4476 Deus
566 4411 743 4487 naturum,
763 4411 801 4476 et
815 4401 922 4498 justis
939 4403 1085 4476 volvere
1104 4425 1183 4475 sese

1215 4541 1233 4579 Ι
