<?xml version="1.0" encoding="UTF-8"?>
<!DOCTYPE html PUBLIC "-//W3C//DTD XHTML 1.0 Transitional//EN"
    "http://www.w3.org/TR/xhtml1/DTD/xhtml1-transitional.dtd">
<html xmlns="http://www.w3.org/1999/xhtml" xml:lang="en" lang="en">
 <head>
  <title>
</title>
<meta http-equiv="Content-Type" content="text/html;charset=utf-8" />
  <meta name='ocr-system' content='tesseract 3.04.00' />
  <meta name='ocr-capabilities' content='ocr_page ocr_carea ocr_par ocr_line ocrx_word'/>
</head>
<body>
  <div class='ocr_page' id='page_1' title='image "./fasciculuscarmi00smitgoog_0043.png"; bbox 0 0 3824 5450; ppageno 0'>
   <div class='ocr_carea' id='block_1_1' title="bbox 945 717 1003 788">
    <p class='ocr_par' dir='ltr' id='par_1_1' title="bbox 945 717 1003 788">
     <span class='ocr_line' id='line_1_1' title="bbox 945 717 1003 788; baseline 0 0"><span class='ocrx_word' id='word_1_1' title='bbox 945 717 1003 788; x_wconf 74' lang='lat'><strong>26</strong></span> 
     </span>
    </p>
   </div>
   <div class='ocr_carea' id='block_1_2' title="bbox 436 913 1529 2497">
    <p class='ocr_par' dir='ltr' id='par_1_2' title="bbox 437 913 1345 1163">
     <span class='ocr_line' id='line_1_2' title="bbox 437 913 1325 1014; baseline -0.009 -22"><span class='ocrx_word' id='word_1_2' title='bbox 437 917 627 1014; x_wconf 83' lang='lat' dir='ltr'><strong>imperiis:</strong></span> <span class='ocrx_word' id='word_1_3' title='bbox 653 915 731 1010; x_wconf 91' lang='lat' dir='ltr'><strong>ipse</strong></span> <span class='ocrx_word' id='word_1_4' title='bbox 748 917 786 987; x_wconf 89' lang='lat' dir='ltr'><strong>in</strong></span> <span class='ocrx_word' id='word_1_5' title='bbox 802 913 933 1000; x_wconf 90' lang='lat' dir='ltr'><strong>medio,</strong></span> <span class='ocrx_word' id='word_1_6' title='bbox 951 913 1171 986; x_wconf 83' lang='lat' dir='ltr'><strong>certissimus</strong></span> <span class='ocrx_word' id='word_1_7' title='bbox 1188 921 1325 1000; x_wconf 77' lang='lat' dir='ltr'><strong>auctor,</strong></span> 
     </span>
     <span class='ocr_line' id='line_1_3' title="bbox 437 1062 1345 1163; baseline -0.01 -20"><span class='ocrx_word' id='word_1_8' title='bbox 437 1069 542 1143; x_wconf 87' lang='lat' dir='ltr'><strong>lutus</strong></span> <span class='ocrx_word' id='word_1_9' title='bbox 559 1066 647 1163; x_wconf 86' lang='lat' dir='ltr'><strong>ogit,</strong></span> <span class='ocrx_word' id='word_1_10' title='bbox 664 1065 851 1161; x_wconf 88' lang='lat' dir='ltr'><strong>pascitque</strong></span> <span class='ocrx_word' id='word_1_11' title='bbox 869 1062 981 1136; x_wconf 84' lang='lat' dir='ltr'><strong>effuso</strong></span> <span class='ocrx_word' id='word_1_12' title='bbox 997 1063 1143 1135; x_wconf 89' lang='lat' dir='ltr'><strong>numine</strong></span> <span class='ocrx_word' id='word_1_13' title='bbox 1159 1063 1345 1135; x_wconf 89' lang='lat' dir='ltr'><strong>muudum.</strong></span> 
     </span>
    </p>

    <p class='ocr_par' dir='ltr' id='par_1_3' title="bbox 436 1210 1529 2497">
     <span class='ocr_line' id='line_1_4' title="bbox 489 1210 1529 1307; baseline 0 -21"><span class='ocrx_word' id='word_1_14' title='bbox 489 1213 632 1287; x_wconf 85' lang='lat' dir='ltr'><strong>Idcirco</strong></span> <span class='ocrx_word' id='word_1_15' title='bbox 647 1211 739 1284; x_wconf 89' lang='lat' dir='ltr'><strong>levis</strong></span> <span class='ocrx_word' id='word_1_16' title='bbox 756 1211 824 1283; x_wconf 88' lang='lat' dir='ltr'><strong>iste</strong></span> <span class='ocrx_word' id='word_1_17' title='bbox 840 1210 931 1282; x_wconf 86' lang='lat' dir='ltr'><strong>fluor</strong></span> <span class='ocrx_word' id='word_1_18' title='bbox 947 1212 1082 1282; x_wconf 86' lang='lat' dir='ltr'><strong>circum</strong></span> <span class='ocrx_word' id='word_1_19' title='bbox 1099 1210 1213 1282; x_wconf 89' lang='lat' dir='ltr'><strong>ambit</strong></span> <span class='ocrx_word' id='word_1_20' title='bbox 1229 1233 1373 1307; x_wconf 89' lang='lat' dir='ltr'><strong>opacos,</strong></span> <span class='ocrx_word' id='word_1_21' title='bbox 1488 1241 1529 1290; x_wconf 86' lang='lat'><strong>20</strong></span> 
     </span>
     <span class='ocr_line' id='line_1_5' title="bbox 436 1359 1338 1455; baseline -0.004 -20"><span class='ocrx_word' id='word_1_22' title='bbox 436 1361 597 1436; x_wconf 87' lang='lat' dir='ltr'><strong>AEtheris</strong></span> <span class='ocrx_word' id='word_1_23' title='bbox 613 1383 749 1433; x_wconf 90' lang='lat' dir='ltr'><strong>oceano</strong></span> <span class='ocrx_word' id='word_1_24' title='bbox 766 1361 927 1455; x_wconf 87' lang='lat' dir='ltr'><strong>cingens,</strong></span> <span class='ocrx_word' id='word_1_25' title='bbox 945 1371 1051 1454; x_wconf 86' lang='lat' dir='ltr'><strong>atque</strong></span> <span class='ocrx_word' id='word_1_26' title='bbox 1068 1360 1195 1454; x_wconf 85' lang='lat' dir='ltr'>irrigat</span> <span class='ocrx_word' id='word_1_27' title='bbox 1210 1359 1338 1444; x_wconf 88' lang='lat' dir='ltr'><strong>orbes;</strong></span> 
     </span>
     <span class='ocr_line' id='line_1_6' title="bbox 436 1509 1375 1606; baseline -0.003 -22"><span class='ocrx_word' id='word_1_28' title='bbox 436 1512 602 1599; x_wconf 86' lang='lat' dir='ltr'><strong>vividus,</strong></span> <span class='ocrx_word' id='word_1_29' title='bbox 620 1510 694 1582; x_wconf 90' lang='lat' dir='ltr'><strong>alta</strong></span> <span class='ocrx_word' id='word_1_30' title='bbox 710 1519 879 1604; x_wconf 85' lang='lat' dir='ltr'><strong>tremens,</strong></span> <span class='ocrx_word' id='word_1_31' title='bbox 897 1518 1032 1580; x_wconf 82' lang='lat' dir='ltr'><strong>mtemo</strong></span> <span class='ocrx_word' id='word_1_32' title='bbox 1049 1509 1192 1582; x_wconf 86' lang='lat' dir='ltr'><strong>turbine</strong></span> <span class='ocrx_word' id='word_1_33' title='bbox 1208 1520 1334 1606; x_wconf 89' lang='lat' dir='ltr'><strong>raptus</strong></span> <span class='ocrx_word' id='word_1_34' title='bbox 1348 1539 1375 1582; x_wconf 86' lang='lat'><strong>:-</strong></span> 
     </span>
     <span class='ocr_line' id='line_1_7' title="bbox 439 1657 1394 1755; baseline -0.003 -21"><span class='ocrx_word' id='word_1_35' title='bbox 439 1660 594 1735; x_wconf 78' lang='lat' dir='ltr'><strong>Qualem</strong></span> <span class='ocrx_word' id='word_1_36' title='bbox 611 1658 719 1730; x_wconf 90' lang='lat' dir='ltr'><strong>etiam</strong></span> <span class='ocrx_word' id='word_1_37' title='bbox 736 1657 862 1729; x_wconf 83' lang='lat' dir='ltr'><strong>aestivo</strong></span> <span class='ocrx_word' id='word_1_38' title='bbox 879 1658 946 1730; x_wconf 90' lang='lat' dir='ltr'><strong>sub</strong></span> <span class='ocrx_word' id='word_1_39' title='bbox 964 1659 1054 1730; x_wconf 86' lang='lat' dir='ltr'><strong>sudo</strong></span> <span class='ocrx_word' id='word_1_40' title='bbox 1071 1683 1168 1755; x_wconf 87' lang='lat' dir='ltr'><strong>saepe</strong></span> <span class='ocrx_word' id='word_1_41' title='bbox 1185 1658 1309 1733; x_wconf 87' lang='lat' dir='ltr'><strong>videre</strong></span> <span class='ocrx_word' id='word_1_42' title='bbox 1326 1671 1394 1748; x_wconf 89' lang='lat' dir='ltr'><strong>cst,</strong></span> 
     </span>
     <span class='ocr_line' id='line_1_8' title="bbox 438 1804 1391 1907; baseline 0.003 -25"><span class='ocrx_word' id='word_1_43' title='bbox 438 1808 530 1882; x_wconf 91' lang='lat' dir='ltr'><strong>Oum</strong></span> <span class='ocrx_word' id='word_1_44' title='bbox 546 1808 698 1881; x_wconf 88' lang='lat' dir='ltr'><strong>flammae</strong></span> <span class='ocrx_word' id='word_1_45' title='bbox 715 1807 885 1887; x_wconf 81' lang='lat' dir='ltr'><strong>ardentes</strong></span> <span class='ocrx_word' id='word_1_46' title='bbox 901 1804 1005 1898; x_wconf 87' lang='lat' dir='ltr'><strong>radii,</strong></span> <span class='ocrx_word' id='word_1_47' title='bbox 1022 1820 1219 1907; x_wconf 82' lang='lat' dir='ltr'><strong>tenuesque</strong></span> <span class='ocrx_word' id='word_1_48' title='bbox 1236 1835 1391 1907; x_wconf 87' lang='lat' dir='ltr'><strong>superne</strong></span> 
     </span>
     <span class='ocr_line' id='line_1_9' title="bbox 439 1955 1526 2060; baseline 0.002 -29"><span class='ocrx_word' id='word_1_49' title='bbox 439 1955 685 2054; x_wconf 83' lang='lat' dir='ltr'><strong>Lympharum</strong></span> <span class='ocrx_word' id='word_1_50' title='bbox 701 1981 813 2044; x_wconf 86' lang='lat' dir='ltr'><strong>rores,</strong></span> <span class='ocrx_word' id='word_1_51' title='bbox 831 1967 938 2052; x_wconf 90' lang='lat' dir='ltr'><strong>atque</strong></span> <span class='ocrx_word' id='word_1_52' title='bbox 955 1981 1052 2032; x_wconf 81' lang='lat' dir='ltr'><strong>aurae</strong></span> <span class='ocrx_word' id='word_1_53' title='bbox 1069 1961 1239 2032; x_wconf 88' lang='lat' dir='ltr'><strong>intactilis</strong></span> <span class='ocrx_word' id='word_1_54' title='bbox 1254 1961 1386 2033; x_wconf 90' lang='lat' dir='ltr'><strong>humor</strong></span> <span class='ocrx_word' id='word_1_55' title='bbox 1486 1994 1504 2042; x_wconf 79' lang='lat'>2</span> <span class='ocrx_word' id='word_1_56' title='bbox 1505 1991 1526 2060; x_wconf 82' lang='lat'><em>5</em></span> 
     </span>
     <span class='ocr_line' id='line_1_10' title="bbox 438 2103 1300 2202; baseline 0.003 -25"><span class='ocrx_word' id='word_1_57' title='bbox 438 2103 666 2177; x_wconf 88' lang='lat' dir='ltr'><strong>Miscuerunt</strong></span> <span class='ocrx_word' id='word_1_58' title='bbox 683 2127 774 2191; x_wconf 86' lang='lat' dir='ltr'><strong>sese,</strong></span> <span class='ocrx_word' id='word_1_59' title='bbox 793 2113 830 2176; x_wconf 91' lang='lat' dir='ltr'><strong>et</strong></span> <span class='ocrx_word' id='word_1_60' title='bbox 846 2105 937 2176; x_wconf 88' lang='lat' dir='ltr'><strong>eoelo</strong></span> <span class='ocrx_word' id='word_1_61' title='bbox 953 2105 1135 2178; x_wconf 91' lang='lat' dir='ltr'><strong>luctantur</strong></span> <span class='ocrx_word' id='word_1_62' title='bbox 1150 2119 1300 2202; x_wconf 68' lang='lat' dir='ltr'><strong>aperto,</strong></span> 
     </span>
     <span class='ocr_line' id='line_1_11' title="bbox 437 2250 1453 2347; baseline 0.007 -24"><span class='ocrx_word' id='word_1_63' title='bbox 437 2250 543 2324; x_wconf 85' lang='lat' dir='ltr'><strong>AEstu</strong></span> <span class='ocrx_word' id='word_1_64' title='bbox 560 2275 652 2347; x_wconf 89' lang='lat' dir='ltr'><strong>pura</strong></span> <span class='ocrx_word' id='word_1_65' title='bbox 668 2252 767 2346; x_wconf 90' lang='lat' dir='ltr'><strong>quati</strong></span> <span class='ocrx_word' id='word_1_66' title='bbox 783 2251 862 2322; x_wconf 88' lang='lat' dir='ltr'><strong>loca</strong></span> <span class='ocrx_word' id='word_1_67' title='bbox 879 2253 1068 2342; x_wconf 90' lang='lat' dir='ltr'><strong>cernimus,</strong></span> <span class='ocrx_word' id='word_1_68' title='bbox 1086 2265 1124 2326; x_wconf 89' lang='lat' dir='ltr'><strong>et</strong></span> <span class='ocrx_word' id='word_1_69' title='bbox 1140 2262 1293 2329; x_wconf 89' lang='lat' dir='ltr'><strong>tremere</strong></span> <span class='ocrx_word' id='word_1_70' title='bbox 1310 2281 1453 2332; x_wconf 91' lang='lat' dir='ltr'><strong>omnem</strong></span> 
     </span>
     <span class='ocr_line' id='line_1_12' title="bbox 440 2396 1353 2497; baseline 0.009 -27"><span class='ocrx_word' id='word_1_71' title='bbox 440 2396 542 2473; x_wconf 67' lang='lat' dir='ltr'><strong>Adra</strong></span> <span class='ocrx_word' id='word_1_72' title='bbox 558 2409 629 2496; x_wconf 90' lang='lat' dir='ltr'><strong>per&#39;</strong></span> <span class='ocrx_word' id='word_1_73' title='bbox 640 2423 819 2495; x_wconf 88' lang='lat' dir='ltr'><strong>campum,</strong></span> <span class='ocrx_word' id='word_1_74' title='bbox 835 2400 1031 2495; x_wconf 84' lang='lat' dir='ltr'><strong>rapidaque</strong></span> <span class='ocrx_word' id='word_1_75' title='bbox 1047 2402 1244 2497; x_wconf 87' lang='lat' dir='ltr'><strong>liquescere</strong></span> <span class='ocrx_word' id='word_1_76' title='bbox 1261 2405 1353 2478; x_wconf 91' lang='lat' dir='ltr'><strong>luce.</strong></span> 
     </span>
    </p>
   </div>
   <div class='ocr_carea' id='block_1_3' title="bbox 492 2546 1408 2640">
    <p class='ocr_par' dir='ltr' id='par_1_4' title="bbox 492 2546 1408 2640">
     <span class='ocr_line' id='line_1_13' title="bbox 492 2546 1408 2640; baseline 0.003 -21"><span class='ocrx_word' id='word_1_77' title='bbox 492 2547 554 2619; x_wconf 88' lang='lat' dir='ltr'><strong>Sol</strong></span> <span class='ocrx_word' id='word_1_78' title='bbox 572 2556 692 2618; x_wconf 88' lang='lat' dir='ltr'><strong>autem</strong></span> <span class='ocrx_word' id='word_1_79' title='bbox 709 2546 817 2616; x_wconf 92' lang='lat' dir='ltr'><strong>maris</strong></span> <span class='ocrx_word' id='word_1_80' title='bbox 835 2546 998 2616; x_wconf 87' lang='lat' dir='ltr'><strong>immensi</strong></span> <span class='ocrx_word' id='word_1_81' title='bbox 1015 2547 1132 2640; x_wconf 90' lang='lat' dir='ltr'><strong>spatia</strong></span> <span class='ocrx_word' id='word_1_82' title='bbox 1148 2571 1257 2620; x_wconf 89' lang='lat' dir='ltr'><strong>aurea</strong></span> <span class='ocrx_word' id='word_1_83' title='bbox 1273 2549 1408 2622; x_wconf 91' lang='lat' dir='ltr'><strong>circum</strong></span> 
     </span>
    </p>
   </div>
   <div class='ocr_carea' id='block_1_4' title="bbox 440 2691 1530 2802">
    <p class='ocr_par' dir='ltr' id='par_1_5' title="bbox 440 2691 1530 2802">
     <span class='ocr_line' id='line_1_14' title="bbox 440 2691 1530 2802; baseline 0.005 -35"><span class='ocrx_word' id='word_1_84' title='bbox 440 2692 648 2767; x_wconf 86' lang='lat' dir='ltr'><strong>Vorticibus</strong></span> <span class='ocrx_word' id='word_1_85' title='bbox 665 2691 787 2780; x_wconf 87' lang='lat' dir='ltr'><strong>trahit,</strong></span> <span class='ocrx_word' id='word_1_86' title='bbox 806 2700 842 2763; x_wconf 90' lang='lat' dir='ltr'><strong>et</strong></span> <span class='ocrx_word' id='word_1_87' title='bbox 858 2692 965 2764; x_wconf 88' lang='lat' dir='ltr'><strong>rutilo</strong></span> <span class='ocrx_word' id='word_1_88' title='bbox 981 2702 1077 2764; x_wconf 87' lang='lat' dir='ltr'><strong>rotat</strong></span> <span class='ocrx_word' id='word_1_89' title='bbox 1093 2716 1160 2765; x_wconf 84' lang='lat' dir='ltr'><strong>axe</strong></span> <span class='ocrx_word' id='word_1_90' title='bbox 1176 2695 1352 2790; x_wconf 82' lang='lat' dir='ltr'><strong>planetas.</strong></span> <span class='ocrx_word' id='word_1_91' title='bbox 1486 2735 1530 2802; x_wconf 85' lang='lat'><strong>30</strong></span> 
     </span>
    </p>
   </div>
   <div class='ocr_carea' id='block_1_5' title="bbox 442 2843 1531 4418">
    <p class='ocr_par' dir='ltr' id='par_1_6' title="bbox 442 2843 1340 3232">
     <span class='ocr_line' id='line_1_15' title="bbox 442 2843 1283 2940; baseline 0.001 -21"><span class='ocrx_word' id='word_1_92' title='bbox 442 2844 519 2919; x_wconf 86' lang='lat' dir='ltr'><strong>Illae</strong></span> <span class='ocrx_word' id='word_1_93' title='bbox 536 2843 727 2918; x_wconf 85' lang='lat' dir='ltr'><strong>indefessae</strong></span> <span class='ocrx_word' id='word_1_94' title='bbox 744 2853 924 2940; x_wconf 80' lang='lat' dir='ltr'><strong>peragunt</strong></span> <span class='ocrx_word' id='word_1_95' title='bbox 939 2865 1005 2939; x_wconf 90' lang='lat' dir='ltr'><strong>per</strong></span> <span class='ocrx_word' id='word_1_96' title='bbox 1022 2844 1141 2917; x_wconf 87' lang='lat' dir='ltr'><strong>inania</strong></span> <span class='ocrx_word' id='word_1_97' title='bbox 1158 2869 1283 2920; x_wconf 87' lang='lat' dir='ltr'><strong>cursus</strong></span> 
     </span>
     <span class='ocr_line' id='line_1_16' title="bbox 443 2993 1340 3092; baseline -0.003 -18"><span class='ocrx_word' id='word_1_98' title='bbox 443 2996 605 3092; x_wconf 78' lang='lat' dir='ltr'><strong>Quaeque</strong></span> <span class='ocrx_word' id='word_1_99' title='bbox 623 3018 718 3068; x_wconf 89' lang='lat' dir='ltr'><strong>suos.</strong></span> <span class='ocrx_word' id='word_1_100' title='bbox 770 2993 853 3068; x_wconf 90' lang='lat' dir='ltr'><strong>Una</strong></span> <span class='ocrx_word' id='word_1_101' title='bbox 870 2995 1002 3066; x_wconf 85' lang='lat' dir='ltr'><strong>erranti</strong></span> <span class='ocrx_word' id='word_1_102' title='bbox 1020 2996 1231 3090; x_wconf 87' lang='lat' dir='ltr'><strong>symphonia</strong></span> <span class='ocrx_word' id='word_1_103' title='bbox 1248 2999 1340 3071; x_wconf 90' lang='lat' dir='ltr'><strong>coelo</strong></span> 
     </span>
     <span class='ocr_line' id='line_1_17' title="bbox 443 3141 1263 3232; baseline -0.001 -15"><span class='ocrx_word' id='word_1_104' title='bbox 443 3145 602 3232; x_wconf 86' lang='lat' dir='ltr'><strong>Scilicet,</strong></span> <span class='ocrx_word' id='word_1_105' title='bbox 621 3152 659 3216; x_wconf 89' lang='lat' dir='ltr'><strong>et</strong></span> <span class='ocrx_word' id='word_1_106' title='bbox 674 3163 793 3214; x_wconf 90' lang='lat' dir='ltr'><strong>rerum</strong></span> <span class='ocrx_word' id='word_1_107' title='bbox 811 3141 990 3212; x_wconf 89' lang='lat' dir='ltr'><strong>consentit</strong></span> <span class='ocrx_word' id='word_1_108' title='bbox 1006 3143 1147 3214; x_wconf 92' lang='lat' dir='ltr'><strong>mobilis</strong></span> <span class='ocrx_word' id='word_1_109' title='bbox 1164 3146 1263 3216; x_wconf 91' lang='lat' dir='ltr'><strong>ordo.</strong></span> 
     </span>
    </p>

    <p class='ocr_par' dir='ltr' id='par_1_7' title="bbox 444 3288 1530 3826">
     <span class='ocr_line' id='line_1_18' title="bbox 493 3288 1411 3385; baseline 0.008 -23"><span class='ocrx_word' id='word_1_110' title='bbox 493 3289 640 3363; x_wconf 80' lang='lat' dir='ltr'><strong>Arduus</strong></span> <span class='ocrx_word' id='word_1_111' title='bbox 657 3297 740 3360; x_wconf 89' lang='lat' dir='ltr'><strong>ante</strong></span> <span class='ocrx_word' id='word_1_112' title='bbox 757 3310 880 3360; x_wconf 90' lang='lat' dir='ltr'><strong>omnes</strong></span> <span class='ocrx_word' id='word_1_113' title='bbox 898 3289 1017 3384; x_wconf 86' lang='lat' dir='ltr'><strong>agitur</strong></span> <span class='ocrx_word' id='word_1_114' title='bbox 1033 3288 1214 3385; x_wconf 83' lang='lat' dir='ltr'><strong>Cyllenius</strong></span> <span class='ocrx_word' id='word_1_115' title='bbox 1233 3294 1411 3381; x_wconf 72' lang='lat' dir='ltr'><strong>Hermes,</strong></span> 
     </span>
     <span class='ocr_line' id='line_1_19' title="bbox 446 3435 1530 3540; baseline 0.006 -28"><span class='ocrx_word' id='word_1_116' title='bbox 446 3436 630 3512; x_wconf 87' lang='lat' dir='ltr'><strong>Credibile</strong></span> <span class='ocrx_word' id='word_1_117' title='bbox 648 3447 705 3510; x_wconf 87' lang='lat' dir='ltr'><strong>est</strong></span> <span class='ocrx_word' id='word_1_118' title='bbox 721 3435 820 3510; x_wconf 93' lang='lat' dir='ltr'><strong>illum</strong></span> <span class='ocrx_word' id='word_1_119' title='bbox 838 3435 996 3510; x_wconf 88' lang='lat' dir='ltr'><strong>tenebris</strong></span> <span class='ocrx_word' id='word_1_120' title='bbox 1014 3449 1051 3512; x_wconf 87' lang='lat' dir='ltr'><strong>ct</strong></span> <span class='ocrx_word' id='word_1_121' title='bbox 1067 3451 1172 3514; x_wconf 87' lang='lat' dir='ltr'><strong>nocte</strong></span> <span class='ocrx_word' id='word_1_122' title='bbox 1189 3456 1371 3518; x_wconf 88' lang='lat' dir='ltr'><strong>carentem</strong></span> <span class='ocrx_word' id='word_1_123' title='bbox 1487 3473 1507 3539; x_wconf 87' lang='lat'>3</span> <span class='ocrx_word' id='word_1_124' title='bbox 1509 3471 1530 3540; x_wconf 82' lang='lat'><em>5</em></span> 
     </span>
     <span class='ocr_line' id='line_1_20' title="bbox 445 3583 1218 3672; baseline 0.001 -11"><span class='ocrx_word' id='word_1_125' title='bbox 445 3586 595 3661; x_wconf 87' lang='lat' dir='ltr'><strong>AEtemo</strong></span> <span class='ocrx_word' id='word_1_126' title='bbox 612 3585 752 3658; x_wconf 90' lang='lat' dir='ltr'><strong>radiare</strong></span> <span class='ocrx_word' id='word_1_127' title='bbox 771 3583 841 3672; x_wconf 90' lang='lat' dir='ltr'><strong>die,</strong></span> <span class='ocrx_word' id='word_1_128' title='bbox 859 3593 932 3657; x_wconf 88' lang='lat' dir='ltr'><strong>tam</strong></span> <span class='ocrx_word' id='word_1_129' title='bbox 950 3585 1088 3658; x_wconf 82' lang='lat' dir='ltr'><strong>fervida</strong></span> <span class='ocrx_word' id='word_1_130' title='bbox 1104 3597 1218 3662; x_wconf 84' lang='lat' dir='ltr'><strong>torret</strong></span> 
     </span>
     <span class='ocr_line' id='line_1_21' title="bbox 444 3729 1256 3826; baseline -0.001 -21"><span class='ocrx_word' id='word_1_131' title='bbox 444 3731 664 3826; x_wconf 86' lang='lat' dir='ltr'><strong>Temperies,</strong></span> <span class='ocrx_word' id='word_1_132' title='bbox 679 3729 866 3824; x_wconf 91' lang='lat' dir='ltr'><strong>rapidique</strong></span> <span class='ocrx_word' id='word_1_133' title='bbox 884 3739 989 3823; x_wconf 81' lang='lat' dir='ltr'><strong>urget</strong></span> <span class='ocrx_word' id='word_1_134' title='bbox 1005 3731 1135 3803; x_wconf 86' lang='lat' dir='ltr'><strong>vicinia</strong></span> <span class='ocrx_word' id='word_1_135' title='bbox 1153 3731 1256 3804; x_wconf 84' lang='lat' dir='ltr'><strong>Solis.</strong></span> 
     </span>
    </p>

    <p class='ocr_par' dir='ltr' id='par_1_8' title="bbox 445 3873 1370 4122">
     <span class='ocr_line' id='line_1_22' title="bbox 445 3873 1370 3974; baseline 0.003 -22"><span class='ocrx_word' id='word_1_136' title='bbox 445 3878 575 3952; x_wconf 79' lang='lat' dir='ltr'><strong>Gratas</strong></span> <span class='ocrx_word' id='word_1_137' title='bbox 593 3877 726 3974; x_wconf 91' lang='lat' dir='ltr'><strong>quippe</strong></span> <span class='ocrx_word' id='word_1_138' title='bbox 743 3873 842 3947; x_wconf 85' lang='lat' dir='ltr'><strong>vices</strong></span> <span class='ocrx_word' id='word_1_139' title='bbox 859 3873 949 3962; x_wconf 87' lang='lat' dir='ltr'><strong>aliis,</strong></span> <span class='ocrx_word' id='word_1_140' title='bbox 967 3877 1195 3972; x_wconf 89' lang='lat' dir='ltr'><strong>requiemque</strong></span> <span class='ocrx_word' id='word_1_141' title='bbox 1213 3881 1370 3954; x_wconf 85' lang='lat' dir='ltr'><strong>calorum</strong></span> 
     </span>
     <span class='ocr_line' id='line_1_23' title="bbox 448 4020 1255 4122; baseline 0.001 -23"><span class='ocrx_word' id='word_1_142' title='bbox 448 4027 636 4100; x_wconf 81' lang='lat' dir='ltr'><strong>Alternum</strong></span> <span class='ocrx_word' id='word_1_143' title='bbox 656 4020 796 4096; x_wconf 86' lang='lat' dir='ltr'><strong>Natura</strong></span> <span class='ocrx_word' id='word_1_144' title='bbox 813 4021 924 4110; x_wconf 90' lang='lat' dir='ltr'><strong>dedit,</strong></span> <span class='ocrx_word' id='word_1_145' title='bbox 939 4020 1115 4118; x_wconf 87' lang='lat' dir='ltr'><strong>jussitque</strong></span> <span class='ocrx_word' id='word_1_146' title='bbox 1132 4029 1255 4122; x_wconf 84' lang='lat' dir='ltr'><strong>vagari</strong></span> 
     </span>
    </p>

    <p class='ocr_par' dir='ltr' id='par_1_9' title="bbox 449 4167 1531 4418">
     <span class='ocr_line' id='line_1_24' title="bbox 449 4167 1531 4274; baseline 0.005 -28"><span class='ocrx_word' id='word_1_147' title='bbox 449 4172 629 4266; x_wconf 85' lang='lat' dir='ltr'><strong>(Floridus</strong></span> <span class='ocrx_word' id='word_1_148' title='bbox 646 4169 742 4244; x_wconf 89' lang='lat' dir='ltr'><strong>unde</strong></span> <span class='ocrx_word' id='word_1_149' title='bbox 760 4168 853 4242; x_wconf 82' lang='lat' dir='ltr'><strong>foret</strong></span> <span class='ocrx_word' id='word_1_150' title='bbox 869 4167 984 4264; x_wconf 83' lang='lat' dir='ltr'><strong>vigor,</strong></span> <span class='ocrx_word' id='word_1_151' title='bbox 1002 4179 1039 4243; x_wconf 92' lang='lat' dir='ltr'><strong>et</strong></span> <span class='ocrx_word' id='word_1_152' title='bbox 1056 4171 1195 4246; x_wconf 86' lang='lat' dir='ltr'><strong>sincera</strong></span> <span class='ocrx_word' id='word_1_153' title='bbox 1211 4175 1378 4274; x_wconf 83' lang='lat' dir='ltr'><strong>facultas)</strong></span> <span class='ocrx_word' id='word_1_154' title='bbox 1486 4207 1531 4268; x_wconf 91' lang='lat'><strong>40</strong></span> 
     </span>
     <span class='ocr_line' id='line_1_25' title="bbox 449 4317 1381 4418; baseline 0.006 -22"><span class='ocrx_word' id='word_1_155' title='bbox 449 4321 585 4396; x_wconf 87' lang='lat' dir='ltr'><strong>Nubila</strong></span> <span class='ocrx_word' id='word_1_156' title='bbox 602 4343 668 4416; x_wconf 88' lang='lat' dir='ltr'><strong>per</strong></span> <span class='ocrx_word' id='word_1_157' title='bbox 685 4317 826 4408; x_wconf 87' lang='lat' dir='ltr'><strong>coelum,</strong></span> <span class='ocrx_word' id='word_1_158' title='bbox 845 4327 882 4390; x_wconf 88' lang='lat' dir='ltr'><strong>et</strong></span> <span class='ocrx_word' id='word_1_159' title='bbox 899 4317 1035 4414; x_wconf 81' lang='lat' dir='ltr'><strong>gelidos</strong></span> <span class='ocrx_word' id='word_1_160' title='bbox 1054 4341 1236 4418; x_wconf 81' lang='lat' dir='ltr'><strong>erumpere</strong></span> <span class='ocrx_word' id='word_1_161' title='bbox 1254 4327 1381 4416; x_wconf 81' lang='lat' dir='ltr'><strong>sontes,</strong></span> 
     </span>
    </p>
   </div>
   <div class='ocr_carea' id='block_1_6' title="bbox 0 0 1923 5444">
    <p class='ocr_par' dir='ltr' id='par_1_10' title="bbox 0 0 1923 5444">
     <span class='ocr_line' id='line_1_26' title="bbox 0 0 1923 5444; baseline 0 0"><span class='ocrx_word' id='word_1_162' title='bbox 0 0 1923 5444; x_wconf 95' lang='lat' dir='ltr'><strong> </strong></span> 
     </span>
    </p>
   </div>
  </div>
 </body>
</html>
