3824 5450
887 733 935 812 27

367 937 590 1035 Dilluditquc
608 937 707 1010 cavis
724 936 898 1032 liquidum
916 937 952 1008 in
971 935 1192 1010 convallibus
1210 901 1342 1034 sequor.

416 1087 583 1162 Proxima
599 1085 729 1162 deinde
747 1095 847 1162 tenet
864 1087 984 1185 magni
1003 1088 1120 1184 spatia
1136 1089 1256 1184 ampla
1272 1090 1388 1162 sereni

366 1238 437 1312 Diu
453 1237 587 1326 Venus,
606 1236 684 1326 tibi,
701 1237 824 1325 Terra,
842 1260 953 1326 soror,
971 1236 1036 1310 tibi
1055 1238 1170 1332 prima
1187 1239 1258 1310 dici

368 1390 522 1478 Nuncia,
540 1413 622 1462 curn
640 1397 799 1462 teneram
813 1387 994 1482 jaculatur
1011 1386 1153 1458 roscida
1169 1387 1285 1459 lucem
1413 1404 1455 1478 45

367 1535 476 1608 Mane
494 1558 599 1623 novo,
616 1534 803 1630 noctisque
820 1533 1000 1623 hyemalia
1016 1531 1173 1605 claustra
1189 1531 1346 1604 resolvit.

366 1683 516 1756 AEstivis
534 1683 660 1756 cadem
677 1681 739 1753 illa
756 1703 876 1754 comes
894 1678 1080 1774 surgentia
1096 1678 1197 1750 ducit

367 1836 495 1910 Sidera
511 1833 783 1931 temporibus-

416 1983 496 2057 Nec
513 1995 565 2072 tu,
582 1985 706 2072 Terra,
725 1985 777 2054 tui
795 1983 915 2054 media
930 1983 967 2052 in
986 1980 1166 2052 testudine
1183 1979 1308 2051 mundi

367 2131 516 2227 Figeris,
535 2140 783 2228 astrorumque
801 2129 1061 2225 sedesregina,
1079 2129 1234 2202 seduna
1413 2147 1458 2214 50
1514 2229 1516 2234 Ι

367 2281 488 2379 Rapta
504 2283 615 2372 volas,
633 2308 747 2381 usque
765 2279 909 2356 assidua
924 2282 1103 2378 vortigine
1121 2291 1267 2354 tranans

365 2431 547 2504 AEtherios
564 2433 698 2528 apices,
715 2433 912 2528 liquidique
929 2431 1111 2505 volumina
1128 2429 1233 2511 coeli;

340 2658 341 2662 ,
366 2579 470 2652 Sicut
486 2581 671 2654 odoratam
689 2605 771 2654 cum
788 2579 954 2668 Pinaron‚
973 2589 1037 2651 aut
1053 2577 1249 2674 Calycadni

366 2731 607 2806 Praeterveeta
623 2735 734 2822 sinus,
752 2743 815 2807 aut
831 2733 924 2805 ostia
941 2730 1063 2804 divitis
1081 2729 1162 2802 Indi

366 2879 517 2954 Labitur
534 2882 724 2979 indulgens
742 2880 907 2978 Zephyro
924 2880 1034 2963 ratis3
1060 2901 1165 2951 omne
1183 2875 1329 2950 cubanti
1414 2885 1457 2959 55

368 3029 549 3103 Sternitur
564 3054 685 3126 aequor
702 3055 818 3126 aqua;
844 3031 954 3102 laevas
971 3029 1033 3101 illa
1049 3051 1162 3124 usque
1180 3051 1245 3123 per
1262 3025 1377 3098 undas
1395 3021 1397 3026 ’

369 3177 404 3250 lt
421 3179 544 3265 tacita,
562 3189 600 3250 et
617 3179 737 3273 specie
755 3177 913 3250 labentia
930 3175 1052 3247 littora
1068 3175 1208 3270 linquit.

421 3323 601 3395 Ulteriora
618 3333 738 3395 autem
755 3323 846 3392 laeva
863 3323 1036 3393 torrentia
1052 3323 1132 3394 luce

371 3471 513 3561 Martis,
531 3482 569 3544 et
585 3472 699 3567 ignito
716 3469 935 3543 crudescunt
951 3493 1111 3543 concava
1127 3471 1240 3542 vultu.

370 3621 511 3695 Deinde
527 3623 657 3694 lovem
674 3623 809 3696 circum
826 3621 979 3717 fulgenti
997 3630 1150 3716 quatuor
1166 3624 1295 3696 ardent
1417 3634 1460 3700 60

371 3769 482 3842 Astra
499 3770 688 3843 satellitio:
716 3771 855 3866 gelidos
874 3769 1050 3843 Saturnus
1067 3771 1212 3845 oberrat

373 3919 563 3991 Extremus
580 3919 681 4007 fines,
699 3927 737 3991 et
753 3920 857 3992 tardo
873 3919 1006 3993 lumine
1023 3919 1164 4012 lustrat,

374 4071 475 4144 Quos
494 4069 587 4142 ultra
603 4070 779 4144 innumeri
798 4068 911 4160 Solos,
929 4080 966 4145 ct
983 4073 1138 4148 candida
1154 4088 1303 4151 currunt

375 4217 513 4308 Sidera,
531 4221 607 4293 sive
625 4243 669 4293 oa
685 4229 770 4292 sunt
785 4221 907 4318 rnagni
924 4219 1142 4299 flammantia
1159 4229 1283 4302 mundi

376 4372 523 4462 lloenia,
541 4397 605 4445 scu
622 4381 762 4446 vastum
783 4373 911 4448 diffusa
929 4399 994 4470 per
1011 4377 1186 4450 infinitum
1419 4387 1460 4472 65

1137 4515 1155 4554 n
1168 4495 1188 4558 '2
