3824 5450
879 747 900 824 7

393 951 560 1026 Carmine
579 969 661 1042 quo,
680 947 769 1035 Dea,
788 956 823 1020 te
845 947 974 1036 dicam,
993 949 1199 1042 gratissima
1216 954 1297 1026 coeli
1397 967 1437 1054 85

343 1105 548 1202 Progenies,
567 1109 754 1196 ortumque
773 1111 897 1182 tuum;
925 1097 1144 1196 gemmantia
1160 1128 1241 1178 rore

344 1253 396 1367 Ut
412 1274 478 1345 per
494 1258 600 1344 prata
615 1247 686 1318 levi
704 1248 847 1332 lustras,
865 1254 903 1317 ct
919 1244 1065 1317 floribus
1082 1247 1209 1320 halans

344 1399 567 1495 Purpureum
584 1395 689 1468 Veris
707 1395 895 1490 gremium,
915 1415 1131 1488 scenamque
1149 1395 1327 1467 virentem

343 1547 478 1644 Pingis‚
496 1557 534 1620 et
550 1545 764 1619 umbriferos
781 1543 903 1632 colles,
922 1554 959 1614 et
976 1542 1108 1616 caerula
1124 1540 1264 1639 regna?

343 1697 467 1772 Gratia
484 1704 532 1786 te,
551 1695 772 1789 Venerisque
791 1691 920 1788 Lepos,
939 1700 977 1764 et
992 1691 1090 1764 mille
1109 1690 1289 1781 Celerum,
1396 1722 1439 1788 90

342 1845 620 1938 Formarumque
639 1843 769 1916 chorus
787 1842 961 1936 seqnitur,
979 1840 1173 1936 Motusque
1191 1843 1374 1915 decentes.

342 1987 393 2061 At
410 2003 520 2086 caput
536 1990 691 2061 invisum
709 1987 846 2082 Stygiis
865 1986 948 2059 Nox
966 1997 1045 2058 atra
1062 1988 1221 2060 tenebris

342 2135 506 2225 Abdidit,
524 2135 783 2230 lromendaeque
801 2135 906 2206 simul
923 2135 1137 2208 Formidinis
1155 2159 1229 2224 ora,

343 2283 610 2380 Pervigilesque
628 2294 737 2356 aestus
755 2282 942 2370 Curarum,
960 2293 1068 2378 atque
1086 2285 1213 2357 anxius
1230 2283 1380 2382 Angor:

345 2431 515 2527 Undique
534 2433 676 2504 Laetitia
692 2433 821 2504 florent
837 2431 1003 2502 mortalia
1020 2432 1141 2518 corda,
1399 2460 1440 2526 95

344 2577 458 2649 Purus
477 2587 514 2648 et
530 2579 665 2649 arridet
681 2579 791 2672 largis
809 2577 1009 2672 fulgoribus
1026 2575 1165 2650 AEther.

394 2725 525 2798 Omnia
542 2751 609 2800 nec
628 2727 765 2800 tuideo
783 2725 950 2798 invalida
968 2749 1007 2797 se
1024 2726 1184 2822 pandere
1203 2725 1319 2800 Menti

347 2875 509 2970 (Quippe
527 2877 633 2947 nimis
651 2887 794 2948 teneros
812 2885 935 2971 posset
951 2877 1006 2946 vis
1025 2885 1124 2948 tanta
1143 2877 1215 2949 diei

345 3021 571 3110 Perturbare‚
590 3033 627 3096 et
643 3024 850 3118 inexpertos
868 3023 1088 3096 confundere
1105 3023 1220 3116 visus)

347 3171 426 3246 Nec
445 3197 573 3270 capere
592 3174 748 3248 infantes
766 3175 915 3263 animos,
933 3198 1004 3246 neu
1022 3197 1168 3248 cernere
1187 3175 1314 3248 credas
1383 3203 1443 3248 100

346 3332 435 3407 Tam
453 3333 587 3404 variam
606 3332 748 3420 molem,
767 3341 804 3404 ct
820 3332 920 3404 mirae
938 3331 1145 3428 spectacula
1163 3332 1277 3405 lucis:

350 3481 484 3555 Nescio
501 3505 572 3577 qua
589 3491 709 3554 tamen
727 3481 806 3554 haec
824 3482 946 3553 oculos
965 3482 1154 3556 dulcedine
1172 3507 1304 3579 parvos

350 3629 547 3726 Splendida
563 3629 742 3724 percussit
758 3630 911 3718 novitaS,
929 3631 1110 3726 traxitque
1128 3641 1320 3728 sequentes
1335 3662 1344 3715 ;

351 3775 481 3847 Nonne
499 3775 663 3848 videmus
681 3779 788 3867 enim,
807 3779 889 3850 latis
907 3779 1042 3852 inserta
1058 3781 1225 3855 fenestris

351 3923 475 3997 Sicubi
493 3947 532 3996 sc
551 3923 678 3996 Phoebi
695 3926 907 4023 dispergant
923 3952 1032 4002 auree
1048 3931 1132 4020 tela,
1339 4015 1343 4024 ,
1382 3959 1442 4030 105

352 4070 436 4143 Sive
454 4072 680 4146 lucernarum
698 4077 827 4148 rutilus
846 4079 1035 4152 colluxerit
1052 4081 1170 4168 ardor,

351 4219 543 4316 Extemplo
561 4223 632 4295 huc
650 4225 789 4297 obverti
808 4228 933 4316 aciem,
952 4253 1032 4323 quae
1050 4230 1122 4301 fixa
1137 4215 1300 4324 repertos

355 4369 488 4444 Haurit
505 4372 724 4467 inexpletum
744 4375 874 4463 radios,
893 4377 1092 4472 fruiturque
1111 4379 1255 4451 tuendo.
