3824 5450
898 748 941 823 la

373 952 514 1026 Emicat
530 950 694 1024 exultans
711 941 841 1036 anima‘,
859 945 1068 1040 aetheriique
1085 943 1227 1016 volatus
1415 962 1462 1036 35

372 1099 492 1173 Prima
506 1097 711 1172 rudimenta
727 1095 912 1182 affectans,
926 1093 1002 1188 jam
1019 1097 1096 1164 tota
1113 1089 1181 1162 sub
1199 1111 1305 1162 auras

371 1244 474 1318 Velle
490 1243 634 1317 videtur
650 1243 762 1330 abire,
779 1241 945 1338 ultraque
962 1239 1156 1313 ascendere
1174 1237 1297 1312 tardos

368 1389 538 1468 'Materia
554 1393 656 1483 lines,
673 1401 712 1466 et
727 1401 836 1490 rupta
850 1391 1026 1489 repagula
1041 1413 1174 1464 rerum.

424 1541 558 1631 Istone,
576 1565 659 1614 cum
674 1541 761 1614 vitae
778 1540 840 1614 Sol
858 1541 1002 1630 occidit,
1018 1541 1090 1614 ista
1106 1541 1248 1638 sepulto

375 1685 485 1760 Caeca
501 1710 622 1760 comes
638 1687 763 1775 cineri,
780 1697 818 1760 et
833 1687 943 1760 mutis
960 1687 1123 1759 immixta
1139 1687 1283 1776 favillis,
1419 1712 1464 1774 40

376 1835 533 1931 Indigna
547 1835 709 1931 peritura
724 1856 813 1907 nece
831 1843 910 1917 est3
935 1833 1150 1928 penitusque
1169 1833 1289 1907 silenti

374 1981 493 2056 Nocte
506 1981 644 2078 jacens
661 1981 847 2071 inhonora,
865 1981 1107 2078 extinctaque,
1123 1980 1174 2054 nil
1192 1991 1278 2078 aget
1294 1981 1389 2054 ultra

376 2131 507 2206 Infelix
526 2130 695 2226 spatium,
712 2139 751 2202 et
765 2129 872 2202 fluxae
888 2128 1078 2225 proscenia
1093 2127 1204 2201 vitae?

375 2277 498 2351 Quare
515 2277 626 2372 igitur
642 2277 764 2371 cupidi
781 2284 954 2372 angustos
972 2274 1179 2370 distringere
1195 2275 1298 2364 fines,

374 2423 634 2519 Debilibusque
651 2423 753 2496 brevi
771 2422 897 2495 saltem
916 2443 1104 2516 superesse
1122 2420 1305 2515 triumpho
1422 2436 1464 2503 45

374 2573 606 2670 Corporibus,
623 2573 791 2662 tumulos,
809 2572 1045 2668 umbrataque
1061 2571 1170 2644 busta
1186 2568 1339 2657 coronis,

375 2725 540 2822 Ossaque
555 2723 730 2798 honorato
747 2722 957 2799 recubantis
975 2719 1162 2795 Mausoleo

379 2877 583 2964 Sacromus,
599 2875 819 2970 memorique
833 2874 938 2970 juvat
953 2870 1157 2945 mandarier
1173 2867 1277 2942 aevo?

378 3026 453 3099 Aut
468 3026 558 3100 illud
574 3050 684 3122 quare
701 3027 858 3099 humane
874 3025 941 3098 sub
959 3034 1078 3098 mente
1096 3022 1206 3094 futuri

381 3172 556 3246 increscit
572 3173 802 3263 desiderium,
820 3196 1032 3268 semperque
1050 3171 1212 3244 volentes
1426 3183 1470 3259 50

376 3320 519 3416 Raptat
534 3344 646 3417 agens
664 3323 801 3394 animos
818 3321 903 3392 vitae
920 3319 1076 3392 melioris
1093 3313 1237 3412 imago?

431 3472 578 3544 Scilicet
594 3473 786 3566 indignans
802 3471 921 3542 lacero
937 3469 1147 3565 plangentia
1163 3467 1271 3539 dorso

381 3619 486 3706 Lora,
504 3629 782 3712 catenarumque
800 3618 902 3712 gravi
920 3617 987 3688 sub
1006 3615 1089 3688 Sole
1106 3615 1299 3717 laborem,⁴

381 3762 536 3836 Crudele
553 3764 753 3859 imperium,
771 3765 1047 3859 impositumque
1065 3761 1235 3836 libentius
1251 3756 1340 3830 Afer

382 3911 465 3983 Hac
482 3910 618 4006 patitur
634 3911 800 3986 mercede
814 3913 965 4009 jugum;
991 3935 1073 3985 cum
1090 3935 1175 3985 rum
1191 3909 1320 4007 prioris
1429 3942 1471 4015 5⁵

382 4061 538 4136 Conscia
554 4059 715 4151 desidiae,
733 4073 771 4136 et
786 4065 894 4160 patrii
912 4065 980 4136 sibi
998 4064 1131 4160 gaudia
1147 4066 1251 4162 lingit

382 4208 469 4282 Post
484 4217 635 4283 mortem
653 4210 813 4284 reditura
830 4212 919 4284 soli:
943 4213 1089 4308 jamque
1107 4213 1211 4286 ardet
1227 4238 1405 4290 amoenem

385 4363 534 4461 Propter
551 4389 692 4462 aquam,
712 4376 749 4442 ct
765 4391 893 4442 suaves
905 4366 1040 4442 Daradi
1058 4367 1124 4442 sub
1143 4368 1297 4442 vallibus
1315 4369 1473 4460 umbras,

1147 4522 1166 4562 a
1180 4508 1199 4564 2
