3824 5450
867 762 916 834 35

348 956 535 1066 Devenere
554 957 695 1048 animoe,
713 955 858 1034 sceleris
876 959 972 1056 quod
991 959 1145 1056 quoique
1162 961 1334 1038 luendum

347 1104 475 1202 Longa
491 1105 569 1179 dies
586 1105 716 1196 exurit,
734 1114 772 1181 et
787 1106 969 1181 illaetabile
987 1115 1142 1204 tempus.

395 1253 479 1328 Jam
496 1277 583 1328 vero
599 1255 769 1328 miserum
786 1263 844 1328 est
859 1254 1009 1328 lacerari
1029 1254 1239 1328 ululantibu'
1258 1261 1378 1332 ventis

348 1403 397 1476 Et
412 1402 634 1476 circumferri
651 1402 772 1476 valida
788 1403 968 1502 vertigine
985 1414 1154 1500 raptum
1393 1441 1436 1506 9⁰

348 1552 555 1651 Frigoribus
573 1555 702 1652 stringi
719 1555 874 1645 eternis,
892 1565 956 1629 aut
972 1557 1056 1654 igne
1074 1556 1202 1654 liquari

346 1704 723 1802 Assiduo-qnoniam
741 1714 866 1780 tenera
882 1715 939 1780 est
955 1716 1085 1781 natura
1100 1709 1244 1798 animai,

347 1854 427 1928 Nee
445 1863 631 1950 composta
647 1855 748 1930 velut
763 1879 894 1952 eorpus
912 1879 1032 1947 earne,
1050 1858 1198 1948 ossibu',
1215 1859 1336 1934 nervis
1351 1889 1361 1944 ;

348 2004 468 2078 Quam
485 2013 606 2077 tamen
623 2003 694 2078 ista
710 2005 785 2100 pati
803 2003 916 2078 latum
935 2015 1002 2095 est,
1020 2007 1206 2080 terrestria
1223 2007 1338 2082 donee

347 2155 499 2229 Exuerit
514 2154 712 2243 tolerando,
730 2164 794 2227 aut
810 2155 1014 2228 exoraverit
1029 2155 1124 2228 ultro
1389 2186 1434 2256 95

347 2303 514 2376 insontes
530 2301 688 2389 umbras,
707 2324 929 2397 quaeeunque
946 2300 1148 2376 Acherusia
1165 2301 1323 2376 claustra

346 2448 601 2546 Obscurosque
619 2449 718 2522 loeus
736 2450 835 2524 tenui
853 2449 1006 2522 stridore
1024 2449 1267 2546 frequentant.

396 2599 469 2674 Hie
487 2621 577 2696 quos
594 2599 704 2672 lunas
720 2597 903 2688 acerbum,
921 2607 959 2672 et
975 2608 1087 2696 raptu
1104 2599 1235 2696 injuria
1251 2601 1344 2676 lueis

346 2751 486 2827 Detulit
502 2760 586 2826 anto
604 2750 699 2824 diem
717 2750 753 2826 in
771 2749 952 2842 tenebras,
971 2750 1056 2824 dum
1073 2749 1199 2826 florida
1216 2753 1292 2826 vito

346 2903 419 2976 Ver
436 2909 573 2998 ageret,
590 2899 787 2997 lueretque
805 2901 944 2997 tepenti
963 2903 1138 3000 sanguine
1158 2920 1261 2993 sena,
1373 2934 1432 2978 roo

345 3049 489 3124 Circum
507 3057 630 3124 errant
645 3049 777 3137 moesti,
795 3049 958 3146 algentes
973 3080 983 3134 ;
1009 3050 1108 3124 laeer
1125 3045 1389 3148 Amphiaraus,

346 3199 519 3274 Hectorei
535 3223 672 3290 manes,
690 3208 729 3274 et
745 3197 882 3304 Belide¹
898 3198 1100 3274 Palamedis

345 3351 442 3425 Luce
460 3374 586 3425 cerens
604 3361 725 3447 eaput,
743 3361 781 3426 et
797 3351 974 3449 Meleagri
992 3309 1105 3426 tristis
1121 3354 1253 3450 imago.

346 3505 452 3578 Illum
469 3505 606 3579 OEneus
624 3507 766 3602 genitor
783 3529 951 3602 supremo
968 3529 1048 3580 rore
1066 3507 1213 3580 lavabat

345 3652 499 3749 Liquido
516 3653 553 3727 in
570 3653 706 3743 Eveno,
721 3654 826 3748 juxta
843 3655 1048 3728 resonantia
1065 3653 1162 3726 saxis
1369 3676 1429 3746 105

345 3804 551 3877 Fluviorum
568 3802 697 3898 spatia,
715 3811 753 3874 et
769 3801 885 3874 mollis
902 3801 984 3874 laeta
1000 3823 1089 3874 arva
1105 3799 1287 3896 Metapae;

345 3954 402 4030 At
418 3955 640 4029 Ponhaoniae
657 3953 910 4050 Calydonides,
928 3955 1023 4025 inter
1040 3974 1190 4048 opacam

344 4108 498 4196 Olenon,
515 4114 554 4179 et
569 4103 722 4178 viridem
739 4103 915 4178 Pleurona
931 4102 1144 4177 sonantibus
1161 4101 1311 4191 umbris,

344 4255 535 4344 Errabant,
553 4277 620 4328 nee
634 4254 710 4350 jam
728 4251 852 4326 dulces
869 4252 1045 4349 ingressae
1063 4249 1295 4348 Hymonaeos,

345 4409 464 4484 Prima
480 4405 959 4506 puellarum-fraternaque
977 4403 1104 4478 lunera
1121 4402 1256 4478 circum
1369 4429 1433 4476 110

345 4561 592 4658 Languentem
611 4557 775 4653 abjecere
794 4555 896 4653 gravi
914 4577 1067 4628 moerore
1080 4553 1280 4650 juventam.

1149 4697 1165 4736 r
1179 4678 1197 4736 2
