3824 5450
899 793 950 864 33

378 990 488 1067 Haud
505 1012 610 1066 secus
627 997 684 1065 est
701 987 840 1062 illorum
859 989 973 1063 oeulis
989 994 1131 1080 natura,
1148 987 1211 1062 ubi
1228 1012 1339 1088 puros

375 1144 566 1219 Ebiberint
582 1141 764 1214 radiorum
781 1137 919 1237 apices,
936 1148 974 1214 et
990 1139 1089 1237 pieta
1105 1139 1265 1214 colorum
1427 1170 1472 1234 40

378 1291 542 1380 Lumina,
559 1287 693 1386 quippe
711 1287 809 1361 intus
826 1287 980 1362 tremula
996 1287 1187 1362 dulcedine
1205 1295 1322 1362 laetos

377 1438 556 1511 Sollicitat
571 1453 698 1509 sensus
714 1433 846 1507 fluidus
863 1434 973 1523 calor,
990 1434 1099 1530 inque
1115 1433 1252 1530 plioata

378 1583 484 1656 Retia
500 1603 694 1655 nervorum
711 1589 902 1675 permanat
916 1580 1002 1654 vivo
1017 1579 1199 1676 voluptas.

428 1730 528 1806 Qun
545 1751 654 1802 eursu
670 1727 784 1800 moria
800 1730 903 1802 amai
920 1727 1130 1803 circumflua
1145 1729 1299 1826 cingunt

378 1882 548 1972 Assiduo,
564 1905 637 1955 non
654 1880 717 1955 illa
732 1879 935 1954 furentibus
950 1880 1097 1956 horrida
1113 1883 1244 1972 ventis,
1429 1905 1472 1980 45

379 2030 454 2104 Sed
468 2029 610 2104 levibus
626 2028 803 2126 Zephyris
820 2029 1043 2120 tremefacto,
1061 2039 1100 2104 et
1114 2030 1258 2106 flamine
1275 2055 1367 2127 puro

379 2181 537 2256 Subtiles
554 2181 705 2269 animas,
722 2189 761 2254 et
775 2181 898 2254 mollia
913 2181 1051 2278 frigora
1066 2183 1225 2257 fundunt

380 2330 548 2405 Nubibus
564 2329 779 2403 intemerato
794 2329 899 2426 vagis
916 2338 1025 2426 atque
1041 2329 1218 2405 imbribus
1236 2333 1337 2408 atris.

430 2480 728 2577 Quorumutique
740 2479 779 2554 in
790 2479 1059 2570 fundaeoeeum
1069 2505 1197 2579 genus,
1208 2493 1323 2580 usque·
1335 2493 1475 2558 remota

380 2627 551 2725 AEquora,
568 2625 749 2699 littoribus
765 2627 972 2701 resonantia
988 2625 1181 2725 Geryonai,
1429 2661 1475 2733 50·

381 2775 600 2873 Porrigimus
616 2776 691 2849 lato
706 2776 868 2875 imperia,
887 2787 925 2852 et
942 2778 1168 2854 dominamur
1184 2781 1232 2854 ad
1248 2781 1359 2856 altam

382 2921 585 3015 Caucason,
602 2934 641 2999 et
656 2925 750 2999 freta
766 2923 945 3024 Caspiueo
962 2929 1153 3005 stridentia
1168 2927 1314 3017 Cauro3

382 3076 614 3151 lmmomores
631 3099 710 3151 esse
728 3099 748 3151 e
765 3075 937 3152 membris
953 3079 1183 3178 migmndum
1199 3083 1237 3157 in
1254 3107 1388 3184 opacas

381 3231 599 3304 Funetorum
615 3229 721 3303 sedes
737 3229 947 3318 animarum,
964 3231 1130 3329 interque
1146 3235 1340 3309 meandum

381 3375 516 3450 Lurida
531 3376 664 3465 littora,
681 3397 762 3472 que
778 3375 928 3470 ancipiti
944 3377 1118 3472 pallentia
1133 3379 1214 3454 luce
1430 3405 1473 3478 55

381 3523 563 3596 Praenatot
578 3534 657 3596 atre
672 3523 777 3620 palus
793 3521 1016 3598 Acheron-

430 3673 577 3770 Quippe
593 3672 661 3746 sub
678 3671 862 3747 immensis
878 3671 1001 3746 Terrae
1018 3673 1267 3769 penetralibus
1284 3675 1369 3750 altae

380 3823 539 3898 Hiseunt
553 3824 592 3897 in
608 3832 751 3897 vastum
768 3822 952 3898 tenebrae:
978 3847 1193 3921 magnarum
1209 3826 1261 3900 ibi
1277 3828 1449 3926 princeps

378 3974 529 4048 Labitur
544 3973 721 4046 undarum
738 3971 1028 4068 Oceanus-quo
1044 3982 1148 4068 patre
1165 3975 1314 4072 liquoris

378 4113 572 4211 Omnigeni
588 4112 726 4200 latices,
744 4119 782 4186 et
797 4110 914 4185 mollis
930 4110 1049 4184 lenter
1065 4115 1176 4209 aquai
1430 4125 1474 4189 60

378 4262 595 4351 Profluxere‚
612 4283 707 4334 nova
722 4268 851 4334 nantes
867 4269 992 4335 aestate
1009 4285 1164 4359 superne

382 4412 478 4487 nerii
494 4437 594 4488 rores
610 4411 835 4502 nebularum,
854 4421 892 4488 et
907 4412 1066 4509 liquidus
1082 4412 1210 4489 imber.

1179 4553 1197 4594 Ι
