<?xml version="1.0" encoding="UTF-8"?>
<!DOCTYPE html PUBLIC "-//W3C//DTD XHTML 1.0 Transitional//EN"
    "http://www.w3.org/TR/xhtml1/DTD/xhtml1-transitional.dtd">
<html xmlns="http://www.w3.org/1999/xhtml" xml:lang="en" lang="en">
 <head>
  <title>
</title>
<meta http-equiv="Content-Type" content="text/html;charset=utf-8" />
  <meta name='ocr-system' content='tesseract 3.04.00' />
  <meta name='ocr-capabilities' content='ocr_page ocr_carea ocr_par ocr_line ocrx_word'/>
</head>
<body>
  <div class='ocr_page' id='page_1' title='image "./fasciculuscarmi00smitgoog_0027.png"; bbox 0 0 3824 5450; ppageno 0'>
   <div class='ocr_carea' id='block_1_1' title="bbox 966 754 1012 824">
    <p class='ocr_par' dir='ltr' id='par_1_1' title="bbox 966 754 1012 824">
     <span class='ocr_line' id='line_1_1' title="bbox 966 754 1012 824; baseline 0 0"><span class='ocrx_word' id='word_1_1' title='bbox 966 754 1012 824; x_wconf 91' lang='grc'><strong>10</strong></span> 
     </span>
    </p>
   </div>
   <div class='ocr_carea' id='block_1_2' title="bbox 444 933 1529 1331">
    <p class='ocr_par' dir='ltr' id='par_1_2' title="bbox 444 933 1529 1331">
     <span class='ocr_line' id='line_1_2' title="bbox 444 933 1529 1054; baseline 0.019 -44"><span class='ocrx_word' id='word_1_2' title='bbox 444 933 596 1029; x_wconf 83' lang='lat' dir='ltr'><strong>Possim,</strong></span> <span class='ocrx_word' id='word_1_3' title='bbox 612 965 684 1039; x_wconf 84' lang='lat' dir='ltr'><strong>qua</strong></span> <span class='ocrx_word' id='word_1_4' title='bbox 699 946 784 1022; x_wconf 77' lang='lat' dir='ltr'><strong>dota</strong></span> <span class='ocrx_word' id='word_1_5' title='bbox 799 961 915 1046; x_wconf 79' lang='lat' dir='ltr'><strong>porta,</strong></span> <span class='ocrx_word' id='word_1_6' title='bbox 931 963 1053 1043; x_wconf 88' lang='lat' dir='ltr'><strong>ruunt,</strong></span> <span class='ocrx_word' id='word_1_7' title='bbox 1070 956 1260 1052; x_wconf 82' lang='lat' dir='ltr'><strong>animoque</strong></span> <span class='ocrx_word' id='word_1_8' title='bbox 1275 957 1529 1054; x_wconf 82' lang='lat' dir='ltr'><strong>propinquent</strong></span> 
     </span>
     <span class='ocr_line' id='line_1_3' title="bbox 449 1083 1313 1196; baseline 0.027 -37"><span class='ocrx_word' id='word_1_9' title='bbox 449 1083 614 1184; x_wconf 75' lang='lat' dir='ltr'><strong>Respioe,</strong></span> <span class='ocrx_word' id='word_1_10' title='bbox 630 1096 688 1168; x_wconf 89' lang='lat' dir='ltr'><strong>eui</strong></span> <span class='ocrx_word' id='word_1_11' title='bbox 704 1120 727 1170; x_wconf 85' lang='lat' dir='ltr'><strong>o</strong></span> <span class='ocrx_word' id='word_1_12' title='bbox 743 1101 845 1173; x_wconf 91' lang='lat' dir='ltr'><strong>cuuis</strong></span> <span class='ocrx_word' id='word_1_13' title='bbox 861 1103 982 1177; x_wconf 82' lang='lat' dir='ltr'><strong>tristes</strong></span> <span class='ocrx_word' id='word_1_14' title='bbox 999 1105 1154 1179; x_wconf 85' lang='lat' dir='ltr'><strong>extinxit</strong></span> <span class='ocrx_word' id='word_1_15' title='bbox 1168 1107 1313 1196; x_wconf 84' lang='lat' dir='ltr'><strong>ocellos,</strong></span> 
     </span>
     <span class='ocr_line' id='line_1_4' title="bbox 448 1235 1319 1331; baseline 0.023 -22"><span class='ocrx_word' id='word_1_16' title='bbox 448 1235 552 1312; x_wconf 80' lang='lat' dir='ltr'>Saeva</span> <span class='ocrx_word' id='word_1_17' title='bbox 568 1245 657 1318; x_wconf 92' lang='lat' dir='ltr'><strong>etin</strong></span> <span class='ocrx_word' id='word_1_18' title='bbox 673 1259 826 1324; x_wconf 80' lang='lat' dir='ltr'><strong>aetemus</strong></span> <span class='ocrx_word' id='word_1_19' title='bbox 841 1255 967 1327; x_wconf 84' lang='lat' dir='ltr'><strong>mersit</strong></span> <span class='ocrx_word' id='word_1_20' title='bbox 981 1266 1111 1330; x_wconf 76' lang='lat' dir='ltr'><strong>nutura</strong></span> <span class='ocrx_word' id='word_1_21' title='bbox 1126 1259 1319 1331; x_wconf 81' lang='lat' dir='ltr'><strong>tenebras:</strong></span> 
     </span>
    </p>
   </div>
   <div class='ocr_carea' id='block_1_3' title="bbox 447 1388 1534 1652">
    <p class='ocr_par' dir='ltr' id='par_1_3' title="bbox 447 1388 1534 1652">
     <span class='ocr_line' id='line_1_5' title="bbox 447 1388 1534 1504; baseline 0.012 -32"><span class='ocrx_word' id='word_1_22' title='bbox 447 1388 504 1462; x_wconf 82' lang='lat' dir='ltr'><strong>Illi</strong></span> <span class='ocrx_word' id='word_1_23' title='bbox 520 1393 643 1488; x_wconf 81' lang='lat' dir='ltr'><strong>ignoto</strong></span> <span class='ocrx_word' id='word_1_24' title='bbox 658 1399 736 1473; x_wconf 86' lang='lat' dir='ltr'><strong>dies</strong></span> <span class='ocrx_word' id='word_1_25' title='bbox 752 1403 860 1493; x_wconf 79' lang='lat' dir='ltr'><strong>lucet,</strong></span> <span class='ocrx_word' id='word_1_26' title='bbox 877 1429 1082 1504; x_wconf 84' lang='lat' dir='ltr'><strong>vemusque</strong></span> <span class='ocrx_word' id='word_1_27' title='bbox 1098 1409 1258 1482; x_wconf 84' lang='lat' dir='ltr'><strong>colorum</strong></span> <span class='ocrx_word' id='word_1_28' title='bbox 1471 1423 1534 1486; x_wconf 89' lang='lat'><strong>160</strong></span> 
     </span>
     <span class='ocr_line' id='line_1_6' title="bbox 447 1539 1235 1652; baseline 0.02 -37"><span class='ocrx_word' id='word_1_29' title='bbox 447 1539 591 1615; x_wconf 82' lang='lat' dir='ltr'><strong>Offusus</strong></span> <span class='ocrx_word' id='word_1_30' title='bbox 608 1547 702 1620; x_wconf 90' lang='lat' dir='ltr'><strong>nitor</strong></span> <span class='ocrx_word' id='word_1_31' title='bbox 717 1563 785 1639; x_wconf 87' lang='lat' dir='ltr'><strong>est,</strong></span> <span class='ocrx_word' id='word_1_32' title='bbox 802 1564 840 1625; x_wconf 91' lang='lat' dir='ltr'><strong>et</strong></span> <span class='ocrx_word' id='word_1_33' title='bbox 855 1555 949 1627; x_wconf 85' lang='lat' dir='ltr'><strong>vivae</strong></span> <span class='ocrx_word' id='word_1_34' title='bbox 966 1558 1082 1652; x_wconf 77' lang='lat' dir='ltr'><strong>guntin</strong></span> <span class='ocrx_word' id='word_1_35' title='bbox 1099 1557 1235 1630; x_wconf 83' lang='lat' dir='ltr'><strong>iormae.</strong></span> 
     </span>
    </p>
   </div>
   <div class='ocr_carea' id='block_1_4' title="bbox 447 1685 1541 4496">
    <p class='ocr_par' dir='ltr' id='par_1_4' title="bbox 447 1685 1536 2529">
     <span class='ocr_line' id='line_1_7' title="bbox 447 1685 1410 1804; baseline 0.024 -47"><span class='ocrx_word' id='word_1_36' title='bbox 447 1685 613 1783; x_wconf 83' lang='lat' dir='ltr'>Corporis</span> <span class='ocrx_word' id='word_1_37' title='bbox 629 1706 673 1766; x_wconf 84' lang='lat' dir='ltr'><strong>at·</strong></span> <span class='ocrx_word' id='word_1_38' title='bbox 682 1696 792 1787; x_wconf 88' lang='lat' dir='ltr'><strong>filum,</strong></span> <span class='ocrx_word' id='word_1_39' title='bbox 810 1712 994 1792; x_wconf 86' lang='lat' dir='ltr'><strong>etmotus,</strong></span> <span class='ocrx_word' id='word_1_40' title='bbox 1011 1707 1251 1802; x_wconf 81' lang='lat' dir='ltr'><strong>spatiumque,</strong></span> <span class='ocrx_word' id='word_1_41' title='bbox 1268 1707 1410 1804; x_wconf 86' lang='lat' dir='ltr'>locique</span> 
     </span>
     <span class='ocr_line' id='line_1_8' title="bbox 447 1839 1248 1949; baseline 0.024 -40"><span class='ocrx_word' id='word_1_42' title='bbox 447 1839 638 1918; x_wconf 80' lang='lat' dir='ltr'><strong>Intervalla</strong></span> <span class='ocrx_word' id='word_1_43' title='bbox 653 1849 760 1928; x_wconf 81' lang='lat' dir='ltr'><strong>datm</strong></span> <span class='ocrx_word' id='word_1_44' title='bbox 775 1863 875 1924; x_wconf 89' lang='lat' dir='ltr'><strong>certo</strong></span> <span class='ocrx_word' id='word_1_45' title='bbox 892 1853 1105 1949; x_wconf 83' lang='lat' dir='ltr'><strong>dignoscere</strong></span> <span class='ocrx_word' id='word_1_46' title='bbox 1122 1866 1223 1928; x_wconf 80' lang='lat' dir='ltr'><strong>tuctu</strong></span> <span class='ocrx_word' id='word_1_47' title='bbox 1238 1884 1248 1927; x_wconf 76' lang='grc' dir='ltr'><strong>ι</strong></span> 
     </span>
     <span class='ocr_line' id='line_1_9' title="bbox 447 1987 1535 2101; baseline 0.013 -39"><span class='ocrx_word' id='word_1_48' title='bbox 447 1987 745 2090; x_wconf 80' lang='lat' dir='ltr'><strong>Quandoquidem</strong></span> <span class='ocrx_word' id='word_1_49' title='bbox 756 1999 814 2070; x_wconf 83' lang='lat' dir='ltr'><strong>his</strong></span> <span class='ocrx_word' id='word_1_50' title='bbox 826 2001 895 2073; x_wconf 83' lang='lat' dir='ltr'><strong>iter</strong></span> <span class='ocrx_word' id='word_1_51' title='bbox 910 2002 1120 2098; x_wconf 83' lang='lat' dir='ltr'><strong>ambiguum</strong></span> <span class='ocrx_word' id='word_1_52' title='bbox 1133 2013 1201 2091; x_wconf 87' lang='lat' dir='ltr'><strong>est,</strong></span> <span class='ocrx_word' id='word_1_53' title='bbox 1214 2014 1253 2076; x_wconf 90' lang='lat' dir='ltr'><strong>et</strong></span> <span class='ocrx_word' id='word_1_54' title='bbox 1264 2005 1377 2098; x_wconf 83' lang='lat' dir='ltr'><strong>juuuo</strong></span> <span class='ocrx_word' id='word_1_55' title='bbox 1389 2005 1535 2101; x_wconf 81' lang='lat' dir='ltr'><strong>duplex,</strong></span> 
     </span>
     <span class='ocr_line' id='line_1_10' title="bbox 447 2133 1536 2246; baseline 0.017 -39"><span class='ocrx_word' id='word_1_56' title='bbox 447 2133 680 2238; x_wconf 78' lang='lat' dir='ltr'><strong>Exclusaeque</strong></span> <span class='ocrx_word' id='word_1_57' title='bbox 697 2146 810 2218; x_wconf 88' lang='lat' dir='ltr'><strong>oculis</strong></span> <span class='ocrx_word' id='word_1_58' title='bbox 826 2149 966 2243; x_wconf 90' lang='lat' dir='ltr'><strong>speeies</strong></span> <span class='ocrx_word' id='word_1_59' title='bbox 983 2149 1181 2244; x_wconf 85' lang='lat' dir='ltr'><strong>irrumpere</strong></span> <span class='ocrx_word' id='word_1_60' title='bbox 1197 2149 1353 2222; x_wconf 86' lang='lat' dir='ltr'><strong>tendunt</strong></span> <span class='ocrx_word' id='word_1_61' title='bbox 1475 2163 1515 2225; x_wconf 89' lang='lat'><strong>16</strong></span> <span class='ocrx_word' id='word_1_62' title='bbox 1515 2177 1536 2246; x_wconf 83' lang='lat'><em>5</em></span> 
     </span>
     <span class='ocr_line' id='line_1_11' title="bbox 448 2284 1311 2396; baseline 0.02 -39"><span class='ocrx_word' id='word_1_63' title='bbox 448 2284 516 2359; x_wconf 90' lang='lat' dir='ltr'><strong>Per</strong></span> <span class='ocrx_word' id='word_1_64' title='bbox 532 2290 676 2387; x_wconf 84' lang='lat' dir='ltr'><strong>digitos.</strong></span> <span class='ocrx_word' id='word_1_65' title='bbox 725 2295 837 2393; x_wconf 82' lang='lat' dir='ltr'><strong>Atqui</strong></span> <span class='ocrx_word' id='word_1_66' title='bbox 855 2299 941 2371; x_wconf 90' lang='lat' dir='ltr'><strong>solis</strong></span> <span class='ocrx_word' id='word_1_67' title='bbox 958 2322 1132 2372; x_wconf 81' lang='lat' dir='ltr'><strong>concessa</strong></span> <span class='ocrx_word' id='word_1_68' title='bbox 1146 2309 1311 2396; x_wconf 82' lang='lat' dir='ltr'><strong>potestus</strong></span> 
     </span>
     <span class='ocr_line' id='line_1_12' title="bbox 449 2440 1353 2529; baseline 0.015 -15"><span class='ocrx_word' id='word_1_69' title='bbox 449 2440 657 2521; x_wconf 89' lang='lat' dir='ltr'><strong>Luminihus</strong></span> <span class='ocrx_word' id='word_1_70' title='bbox 673 2451 816 2526; x_wconf 79' lang='lat' dir='ltr'><strong>blaudae</strong></span> <span class='ocrx_word' id='word_1_71' title='bbox 833 2465 890 2527; x_wconf 90' lang='lat' dir='ltr'><strong>est</strong></span> <span class='ocrx_word' id='word_1_72' title='bbox 905 2455 1025 2528; x_wconf 76' lang='lat' dir='ltr'><strong>radios</strong></span> <span class='ocrx_word' id='word_1_73' title='bbox 1041 2456 1235 2529; x_wconf 80' lang='lat' dir='ltr'><strong>immittere</strong></span> <span class='ocrx_word' id='word_1_74' title='bbox 1251 2457 1353 2529; x_wconf 87' lang='lat' dir='ltr'><strong>lueis.</strong></span> 
     </span>
    </p>

    <p class='ocr_par' dir='ltr' id='par_1_5' title="bbox 447 2590 1541 3148">
     <span class='ocr_line' id='line_1_13' title="bbox 499 2590 1397 2700; baseline 0.016 -36"><span class='ocrx_word' id='word_1_75' title='bbox 499 2590 667 2691; x_wconf 88' lang='lat' dir='ltr'><strong>Undique</strong></span> <span class='ocrx_word' id='word_1_76' title='bbox 683 2622 857 2696; x_wconf 89' lang='lat' dir='ltr'><strong>proporro</strong></span> <span class='ocrx_word' id='word_1_77' title='bbox 874 2603 993 2690; x_wconf 84' lang='lat' dir='ltr'><strong>sociis,</strong></span> <span class='ocrx_word' id='word_1_78' title='bbox 1010 2627 1224 2700; x_wconf 76' lang='lat' dir='ltr'><strong>quocunque</strong></span> <span class='ocrx_word' id='word_1_79' title='bbox 1240 2605 1397 2700; x_wconf 80' lang='lat' dir='ltr'><strong>putescit</strong></span> 
     </span>
     <span class='ocr_line' id='line_1_14' title="bbox 449 2740 1242 2846; baseline 0.019 -33"><span class='ocrx_word' id='word_1_80' title='bbox 449 2740 598 2818; x_wconf 83' lang='lat' dir='ltr'><strong>Notitiae</strong></span> <span class='ocrx_word' id='word_1_81' title='bbox 614 2770 775 2846; x_wconf 78' lang='lat' dir='ltr'><strong>campus,</strong></span> <span class='ocrx_word' id='word_1_82' title='bbox 791 2753 909 2825; x_wconf 81' lang='lat' dir='ltr'><strong>mistoe</strong></span> <span class='ocrx_word' id='word_1_83' title='bbox 925 2753 1062 2827; x_wconf 81' lang='lat' dir='ltr'><strong>lascivo</strong></span> <span class='ocrx_word' id='word_1_84' title='bbox 1077 2755 1242 2828; x_wconf 83' lang='lat' dir='ltr'><strong>feruntur</strong></span> 
     </span>
     <span class='ocr_line' id='line_1_15' title="bbox 447 2892 1541 3000; baseline 0.011 -34"><span class='ocrx_word' id='word_1_85' title='bbox 447 2892 570 2969; x_wconf 86' lang='lat' dir='ltr'><strong>&#39;lurbo</strong></span> <span class='ocrx_word' id='word_1_86' title='bbox 585 2897 779 2995; x_wconf 76' lang='lat' dir='ltr'><strong>voluptatis</strong></span> <span class='ocrx_word' id='word_1_87' title='bbox 796 2903 957 2992; x_wconf 85' lang='lat' dir='ltr'><strong>comites,</strong></span> <span class='ocrx_word' id='word_1_88' title='bbox 975 2903 1169 3000; x_wconf 74' lang='lat' dir='ltr'><strong>iormaeque</strong></span> <span class='ocrx_word' id='word_1_89' title='bbox 1187 2905 1350 2977; x_wconf 91' lang='lat' dir='ltr'><strong>dolorum</strong></span> <span class='ocrx_word' id='word_1_90' title='bbox 1479 2931 1541 2996; x_wconf 88' lang='lat'><strong>170</strong></span> 
     </span>
     <span class='ocr_line' id='line_1_16' title="bbox 448 3043 1366 3148; baseline 0.007 -31"><span class='ocrx_word' id='word_1_91' title='bbox 448 3043 640 3121; x_wconf 88' lang='lat' dir='ltr'><strong>Terribiles</strong></span> <span class='ocrx_word' id='word_1_92' title='bbox 657 3049 748 3140; x_wconf 85' lang='lat' dir='ltr'><strong>visu,</strong></span> <span class='ocrx_word' id='word_1_93' title='bbox 766 3061 804 3125; x_wconf 91' lang='lat' dir='ltr'><strong>et</strong></span> <span class='ocrx_word' id='word_1_94' title='bbox 818 3062 924 3148; x_wconf 82' lang='lat' dir='ltr'><strong>portu</strong></span> <span class='ocrx_word' id='word_1_95' title='bbox 940 3053 1187 3148; x_wconf 72' lang='lat' dir='ltr'><strong>glomerantur</strong></span> <span class='ocrx_word' id='word_1_96' title='bbox 1201 3053 1240 3124; x_wconf 92' lang='lat' dir='ltr'><strong>in</strong></span> <span class='ocrx_word' id='word_1_97' title='bbox 1256 3054 1366 3124; x_wconf 90' lang='lat' dir='ltr'><strong>omni.</strong></span> 
     </span>
    </p>

    <p class='ocr_par' dir='ltr' id='par_1_6' title="bbox 449 3193 1537 3740">
     <span class='ocr_line' id='line_1_17' title="bbox 498 3193 1451 3298; baseline 0.009 -33"><span class='ocrx_word' id='word_1_98' title='bbox 498 3193 577 3267; x_wconf 88' lang='lat' dir='ltr'><strong>Nec</strong></span> <span class='ocrx_word' id='word_1_99' title='bbox 593 3198 693 3269; x_wconf 79' lang='lat' dir='ltr'><strong>vario</strong></span> <span class='ocrx_word' id='word_1_100' title='bbox 709 3200 827 3272; x_wconf 87' lang='lat' dir='ltr'><strong>minus</strong></span> <span class='ocrx_word' id='word_1_101' title='bbox 843 3201 991 3274; x_wconf 82' lang='lat' dir='ltr'><strong>introitu</strong></span> <span class='ocrx_word' id='word_1_102' title='bbox 1007 3224 1180 3298; x_wconf 79' lang='lat' dir='ltr'><strong>magnum</strong></span> <span class='ocrx_word' id='word_1_103' title='bbox 1197 3202 1335 3297; x_wconf 83' lang='lat' dir='ltr'><strong>ingruit</strong></span> <span class='ocrx_word' id='word_1_104' title='bbox 1349 3203 1451 3289; x_wconf 91' lang='lat' dir='ltr'><strong>illud,</strong></span> 
     </span>
     <span class='ocr_line' id='line_1_18' title="bbox 451 3338 1341 3444; baseline 0.011 -30"><span class='ocrx_word' id='word_1_105' title='bbox 451 3338 534 3414; x_wconf 79' lang='lat' dir='ltr'><strong>Quo</strong></span> <span class='ocrx_word' id='word_1_106' title='bbox 550 3341 668 3416; x_wconf 81' lang='lat' dir='ltr'><strong>fucere</strong></span> <span class='ocrx_word' id='word_1_107' title='bbox 686 3355 723 3418; x_wconf 87' lang='lat' dir='ltr'><strong>et</strong></span> <span class='ocrx_word' id='word_1_108' title='bbox 739 3346 852 3444; x_wconf 84' lang='lat' dir='ltr'><strong>iungi,</strong></span> <span class='ocrx_word' id='word_1_109' title='bbox 871 3371 941 3444; x_wconf 93' lang='lat' dir='ltr'><strong>quo</strong></span> <span class='ocrx_word' id='word_1_110' title='bbox 957 3372 1016 3422; x_wconf 89' lang='lat' dir='ltr'><strong>res</strong></span> <span class='ocrx_word' id='word_1_111' title='bbox 1033 3349 1188 3422; x_wconf 82' lang='lat' dir='ltr'><strong>existere</strong></span> <span class='ocrx_word' id='word_1_112' title='bbox 1204 3350 1341 3422; x_wconf 89' lang='lat' dir='ltr'><strong>circum</strong></span> 
     </span>
     <span class='ocr_line' id='line_1_19' title="bbox 451 3487 1440 3594; baseline 0.008 -31"><span class='ocrx_word' id='word_1_113' title='bbox 451 3487 639 3586; x_wconf 79' lang='lat' dir='ltr'><strong>Quemque</strong></span> <span class='ocrx_word' id='word_1_114' title='bbox 656 3491 725 3566; x_wconf 89' lang='lat' dir='ltr'><strong>sibi</strong></span> <span class='ocrx_word' id='word_1_115' title='bbox 741 3497 886 3592; x_wconf 87' lang='lat' dir='ltr'><strong>proprio</strong></span> <span class='ocrx_word' id='word_1_116' title='bbox 903 3521 985 3571; x_wconf 87' lang='lat' dir='ltr'><strong>euru</strong></span> <span class='ocrx_word' id='word_1_117' title='bbox 1002 3521 1152 3594; x_wconf 88' lang='lat' dir='ltr'><strong>corpore</strong></span> <span class='ocrx_word' id='word_1_118' title='bbox 1169 3498 1316 3586; x_wconf 89' lang='lat' dir='ltr'><strong>seimus,</strong></span> <span class='ocrx_word' id='word_1_119' title='bbox 1333 3509 1372 3571; x_wconf 88' lang='lat' dir='ltr'><strong>et</strong></span> <span class='ocrx_word' id='word_1_120' title='bbox 1387 3501 1440 3571; x_wconf 88' lang='lat' dir='ltr'><strong>ire</strong></span> 
     </span>
     <span class='ocr_line' id='line_1_20' title="bbox 449 3633 1537 3740; baseline 0.015 -37"><span class='ocrx_word' id='word_1_121' title='bbox 449 3633 597 3724; x_wconf 87' lang='lat' dir='ltr'><strong>Ordine,</strong></span> <span class='ocrx_word' id='word_1_122' title='bbox 614 3649 858 3738; x_wconf 85' lang='lat' dir='ltr'><strong>perpetuoque</strong></span> <span class='ocrx_word' id='word_1_123' title='bbox 875 3666 942 3740; x_wconf 87' lang='lat' dir='ltr'><strong>per</strong></span> <span class='ocrx_word' id='word_1_124' title='bbox 958 3667 1075 3716; x_wconf 83' lang='lat' dir='ltr'><strong>aevum</strong></span> <span class='ocrx_word' id='word_1_125' title='bbox 1092 3643 1238 3716; x_wconf 86' lang='lat' dir='ltr'><strong>flumine</strong></span> <span class='ocrx_word' id='word_1_126' title='bbox 1254 3645 1340 3717; x_wconf 82' lang='lat' dir='ltr'><strong>lubi.</strong></span> <span class='ocrx_word' id='word_1_127' title='bbox 1402 3659 1409 3681; x_wconf 69' lang='lat'>⁸</span> <span class='ocrx_word' id='word_1_128' title='bbox 1476 3669 1537 3738; x_wconf 82' lang='lat'><strong>175</strong></span> 
     </span>
    </p>

    <p class='ocr_par' dir='ltr' id='par_1_7' title="bbox 447 3781 1391 4188">
     <span class='ocr_line' id='line_1_21' title="bbox 498 3781 1391 3890; baseline 0.015 -36"><span class='ocrx_word' id='word_1_129' title='bbox 498 3781 606 3858; x_wconf 85' lang='lat' dir='ltr'><strong>Nunc</strong></span> <span class='ocrx_word' id='word_1_130' title='bbox 623 3809 690 3884; x_wconf 79' lang='lat' dir='ltr'><strong>ogo</strong></span> <span class='ocrx_word' id='word_1_131' title='bbox 708 3811 778 3886; x_wconf 93' lang='lat' dir='ltr'><strong>quo</strong></span> <span class='ocrx_word' id='word_1_132' title='bbox 794 3789 913 3866; x_wconf 79' lang='lat' dir='ltr'><strong>volent</strong></span> <span class='ocrx_word' id='word_1_133' title='bbox 929 3801 1048 3890; x_wconf 86' lang='lat' dir='ltr'><strong>poeto,</strong></span> <span class='ocrx_word' id='word_1_134' title='bbox 1066 3815 1138 3889; x_wconf 80' lang='lat' dir='ltr'><strong>qus</strong></span> <span class='ocrx_word' id='word_1_135' title='bbox 1154 3793 1295 3866; x_wconf 84' lang='lat' dir='ltr'><strong>sensilis</strong></span> <span class='ocrx_word' id='word_1_136' title='bbox 1311 3803 1391 3866; x_wconf 82' lang='lat' dir='ltr'><strong>orte</strong></span> 
     </span>
     <span class='ocr_line' id='line_1_22' title="bbox 448 3931 1333 4039; baseline 0.019 -36"><span class='ocrx_word' id='word_1_137' title='bbox 448 3931 627 4009; x_wconf 78' lang='lat' dir='ltr'><strong>Affectare</strong></span> <span class='ocrx_word' id='word_1_138' title='bbox 643 3937 751 4030; x_wconf 84' lang='lat' dir='ltr'><strong>viem,</strong></span> <span class='ocrx_word' id='word_1_139' title='bbox 768 3947 875 4039; x_wconf 85' lang='lat' dir='ltr'><strong>utque</strong></span> <span class='ocrx_word' id='word_1_140' title='bbox 893 3943 1000 4018; x_wconf 77' lang='lat' dir='ltr'><strong>animi</strong></span> <span class='ocrx_word' id='word_1_141' title='bbox 1018 3953 1158 4018; x_wconf 83' lang='lat' dir='ltr'><strong>tentore</strong></span> <span class='ocrx_word' id='word_1_142' title='bbox 1175 3943 1333 4018; x_wconf 80' lang='lat' dir='ltr'><strong>lotebrus</strong></span> 
     </span>
     <span class='ocr_line' id='line_1_23' title="bbox 447 4081 1245 4188; baseline 0.015 -32"><span class='ocrx_word' id='word_1_143' title='bbox 447 4081 619 4162; x_wconf 78' lang='lat' dir='ltr'><strong>Materies</strong></span> <span class='ocrx_word' id='word_1_144' title='bbox 639 4087 761 4186; x_wconf 88' lang='lat' dir='ltr'><strong>(dictis</strong></span> <span class='ocrx_word' id='word_1_145' title='bbox 778 4115 882 4170; x_wconf 81' lang='lat' dir='ltr'><strong>euros</strong></span> <span class='ocrx_word' id='word_1_146' title='bbox 899 4095 1047 4172; x_wconf 78' lang='lat' dir='ltr'><strong>advorto</strong></span> <span class='ocrx_word' id='word_1_147' title='bbox 1065 4091 1245 4188; x_wconf 78' lang='lat' dir='ltr'><strong>inventes)</strong></span> 
     </span>
    </p>

    <p class='ocr_par' dir='ltr' id='par_1_8' title="bbox 447 4235 1537 4496">
     <span class='ocr_line' id='line_1_24' title="bbox 447 4235 1471 4346; baseline 0.011 -37"><span class='ocrx_word' id='word_1_148' title='bbox 447 4235 642 4336; x_wconf 80' lang='lat' dir='ltr'><strong>Exsequur.</strong></span> <span class='ocrx_word' id='word_1_149' title='bbox 693 4241 872 4344; x_wconf 80' lang='lat' dir='ltr'><strong>imprimis</strong></span> <span class='ocrx_word' id='word_1_150' title='bbox 890 4247 996 4346; x_wconf 75' lang='lat' dir='ltr'><strong>spatii</strong></span> <span class='ocrx_word' id='word_1_151' title='bbox 1014 4269 1121 4346; x_wconf 83' lang='lat' dir='ltr'><strong>quum</strong></span> <span class='ocrx_word' id='word_1_152' title='bbox 1138 4245 1253 4321; x_wconf 82' lang='lat' dir='ltr'><strong>multu</strong></span> <span class='ocrx_word' id='word_1_153' title='bbox 1268 4269 1335 4344; x_wconf 88' lang='lat' dir='ltr'><strong>per</strong></span> <span class='ocrx_word' id='word_1_154' title='bbox 1349 4267 1471 4344; x_wconf 72' lang='lat' dir='ltr'><strong>sequor</strong></span> 
     </span>
     <span class='ocr_line' id='line_1_25' title="bbox 447 4381 1537 4496; baseline 0.018 -39"><span class='ocrx_word' id='word_1_155' title='bbox 447 4381 563 4461; x_wconf 82' lang='lat' dir='ltr'><strong>Millio</strong></span> <span class='ocrx_word' id='word_1_156' title='bbox 579 4387 783 4490; x_wconf 76' lang='lat' dir='ltr'><strong>multigenis</strong></span> <span class='ocrx_word' id='word_1_157' title='bbox 800 4393 961 4494; x_wconf 75' lang='lat' dir='ltr'><strong>pendunt</strong></span> <span class='ocrx_word' id='word_1_158' title='bbox 977 4417 1015 4474; x_wconf 79' lang='lat' dir='ltr'><strong>so</strong></span> <span class='ocrx_word' id='word_1_159' title='bbox 1034 4417 1184 4496; x_wconf 74' lang='lat' dir='ltr'><strong>corporo</strong></span> <span class='ocrx_word' id='word_1_160' title='bbox 1200 4393 1319 4486; x_wconf 79' lang='lat' dir='ltr'><strong>seclis,</strong></span> <span class='ocrx_word' id='word_1_161' title='bbox 1474 4401 1537 4468; x_wconf 85' lang='lat'><strong>180</strong></span> 
     </span>
    </p>
   </div>
   <div class='ocr_carea' id='block_1_5' title="bbox 0 0 1916 5446">
    <p class='ocr_par' dir='ltr' id='par_1_9' title="bbox 0 0 1916 5446">
     <span class='ocr_line' id='line_1_26' title="bbox 0 0 1916 5446; baseline 0 0"><span class='ocrx_word' id='word_1_162' title='bbox 0 0 1916 5446; x_wconf 95' lang='lat' dir='ltr'><strong> </strong></span> 
     </span>
    </p>
   </div>
  </div>
 </body>
</html>
