3824 5450
616 1669 858 1746 PLATONIS
893 1665 1161 1748 PRINCIPIA.

452 2035 585 2102 Πολλοὶ
608 2033 645 2102 δέ
668 2032 735 2102 εἱσι
757 2031 815 2099 καὶ
839 2031 1029 2117 θαυμαστοὶ
1049 2037 1110 2116 τῆς
1129 2037 1192 2118 γῆς
1212 2031 1323 2102 τόποι.

1219 2147 1295 2207 Pht.
1310 2143 1415 2207 Phaed·

393 2435 540 2511 Enrul
566 2460 673 2534 quam
690 2446 834 2534 gratum
851 2446 908 2511 est
923 2439 1013 2512 vitai
1029 2440 1067 2514 in
1083 2439 1205 2516 limine
1221 2441 1339 2538 primo

342 2584 484 2659 Ludere
501 2584 582 2657 luce
600 2606 706 2674 nova,
723 2592 833 2680 atque
850 2584 978 2658 animae
996 2585 1185 2684 indulgere
1202 2585 1346 2674 virenti,

344 2738 450 2812 Saeva
466 2735 566 2833 prius
584 2756 691 2831 quam
709 2759 797 2808 cura
812 2735 951 2833 agitata
967 2749 1088 2812 mente
1106 2737 1266 2836 quietem

343 2888 613 2977 Exturbaverit,
631 2898 694 2962 aut
711 2889 879 2964 tenebras
896 2889 1067 2964 offuderit
1082 2888 1220 2988 angori

345 3041 466 3137 Atque
483 3038 622 3111 utinam
637 3037 695 3110 his
713 3039 880 3135 equidem
897 3039 1001 3112 furiis
1017 3064 1084 3114 nos
1101 3040 1272 3114 carminis
1287 3035 1363 3111 ulla
1419 3064 1441 3132 5

345 3190 513 3284 Eriperet
528 3185 733 3260 medicina:
759 3187 811 3259 ita
827 3188 995 3262 turbidus
1012 3187 1140 3260 insiliit
1156 3211 1220 3261 cor
1244 3254 1251 3269 ,

347 3339 487 3412 Irarum
504 3337 648 3424 chorus,
666 3345 775 3432 atque
793 3337 910 3432 agitat
926 3335 994 3407 sub
1012 3343 1160 3430 pectore
1178 3343 1362 3429 torquens,

350 3488 504 3573 Anxius,
521 3485 760 3580 irrequietus:
788 3494 826 3558 et
842 3485 976 3558 insedit
993 3507 1102 3580 super
1118 3485 1247 3580 ingens

348 3637 449 3710 Vitai
468 3633 873 3709 desiderium-Miseri
899 3659 1014 3732 usque
1032 3635 1182 3723 adeone,

350 3780 491 3879 Captus
508 3805 628 3854 amore
645 3781 743 3872 mali,
761 3791 866 3880 potes
883 3781 1078 3856 indormire
1095 3778 1262 3879 querelis,
1407 3809 1448 3856 ιο

351 3895 570 4032 Εκεοὶνὶᾳῖιο
588 3933 765 4024 dolenter,
783 3942 821 4008 et
837 3933 1033 4031 ingemere,
1051 3933 1160 4030 inque
1176 3927 1333 4005 morari?

351 4081 407 4158 Ac
424 4108 496 4158 non
513 4085 592 4183 ipso
610 4084 677 4158 tibi
695 4085 837 4184 quaeris,
856 4083 987 4180 quibus
1004 4080 1134 4156 artibu’
1153 4081 1271 4180 possis

354 4235 541 4332 Castigare
559 4236 751 4333 fatigatum
768 4235 958 4309 formidine
975 4243 1118 4332 pectus,

354 4385 402 4457 Et
417 4408 570 4482 quanam
589 4385 727 4458 ratione
746 4394 856 4482 queat
872 4391 1060 4482 composta
1075 4379 1195 4480 magis
1211 4405 1315 4456 mens
