3824 5450
979 743 1002 813 8

497 947 614 1021 Altior
629 946 714 1019 huic
731 966 818 1018 vero
835 966 955 1032 sensu,
972 941 1157 1038 majorque
1173 941 1317 1015 videtur
1454 939 1460 959 '

447 1099 595 1187 Addita,
611 1095 825 1190 Judicioque
842 1103 942 1166 arcta
959 1115 1123 1165 connexa
1137 1101 1311 1187 potestas,
1476 1127 1539 1170 110

449 1247 558 1321 Quod
575 1244 680 1318 simul
698 1253 806 1338 atque
824 1252 913 1315 aetas
929 1239 1158 1313 volventibus
1175 1241 1317 1312 auxerit
1333 1243 1447 1328 annis,

449 1392 541 1464 Haec
559 1389 677 1477 simul,
694 1388 839 1460 assiduo
857 1387 1056 1482 depascens
1073 1386 1193 1458 omnia
1208 1387 1301 1474 visu,

449 1536 657 1632 Perspiciet,
673 1535 730 1606 vis
747 1543 881 1629 quanta
897 1533 979 1621 loci,
997 1533 1083 1627 quid
1098 1531 1234 1627 polleat
1249 1534 1349 1622 ordo,

445 1687 468 1760 J
471 1693 633 1756 unctura
650 1681 730 1776 quis
745 1681 872 1769 honos,
889 1689 931 1753 ut
945 1703 1004 1753 res
1020 1681 1217 1755 accendere
1234 1683 1343 1755 rebus

449 1836 602 1910 Lumina
617 1834 808 1928 conjurant
823 1833 917 1904 iuter
933 1855 985 1921 se,
1002 1841 1040 1904 et
1055 1843 1180 1905 mutua
1195 1834 1347 1930 fulgent.
1478 1865 1540 1929 115

500 1982 579 2055 Nec
595 1982 712 2053 minor
727 1981 764 2052 in
781 1982 934 2076 geminis
950 1983 1051 2078 viget
1067 1983 1213 2056 auribus
1229 1985 1337 2057 insita
1352 1988 1479 2073 uirtus,

450 2131 530 2204 Nec
546 2140 688 2202 tantum
704 2129 741 2200 in
759 2129 879 2200 curvis
896 2152 976 2224 quoe
992 2130 1146 2225 pervigil
1164 2086 1320 2203 excubet
1335 2137 1448 2206 antris

377 2324 381 2331 ·
450 2279 548 2351 Hinc
566 2287 673 2371 atque
690 2276 775 2349 hinc
795 2275 873 2371 (ubi
890 2276 970 2348 Vox
986 2279 1228 2351 tremefecerit
1244 2281 1336 2353 ostia
1353 2284 1457 2377 pulsu

448 2427 567 2500 Atriis
583 2426 727 2499 invecto
743 2423 846 2519 rotis)
866 2426 1043 2523 longeque
1060 2440 1243 2502 recursat:

446 2578 594 2651 Scilicet
609 2575 760 2672 Eloquia
775 2576 855 2648 haec
872 2575 1021 2664 sonitus,
1038 2575 1116 2648 haec
1133 2577 1291 2650 fulminis
1308 2580 1394 2668 alas,
1478 2613 1539 2660 120

445 2729 494 2802 Et
510 2728 668 2800 mulcere
686 2725 787 2797 dedit
803 2725 909 2797 dictis
926 2723 1105 2796 attollere
1123 2725 1244 2813 corda,
1315 2727 1318 2734 '

445 2879 637 2972 Verbaque
654 2875 773 2948 metiri
790 2875 959 2962 numeris,
977 2897 1154 2969 versuque
1171 2875 1284 2970 ligare

445 3032 633 3127 Repperit,
652 3039 689 3099 et
706 3025 876 3122 quicquid
893 3027 1035 3098 discant
1051 3025 1278 3099 Libethrides
1295 3031 1414 3116 undae,

444 3175 606 3266 Calliope
624 3169 777 3264 quoties,
795 3170 934 3261 quoties
952 3168 1058 3240 Pater
1075 3171 1152 3264 ipse
1170 3160 1321 3244 cauendi

443 3318 598 3389 Evolvat
613 3314 787 3408 liquidum
806 3334 962 3398 carmen,
980 3313 1160 3385 calamove
1176 3316 1335 3410 loquenti
1471 3354 1509 3399 12
1511 3357 1531 3420 5

443 3461 601 3554 Inspiret
618 3455 742 3527 dulces
760 3454 907 3542 animas,
925 3454 1117 3550 digitisque
1133 3457 1273 3552 figuret.

492 3607 543 3679 At
558 3603 698 3676 medias
715 3601 850 3688 fauces,
869 3613 905 3672 et
921 3601 1053 3696 linguae
1070 3603 1254 3680 humentia
1270 3614 1405 3706 templa

439 3754 577 3828 Gustus
592 3749 717 3836 habet,
735 3771 806 3844 qua
823 3771 861 3820 se
878 3748 1035 3822 insinuet
1047 3751 1206 3845 jucunda
1223 3746 1389 3854 saporum

440 3899 630 3986 Luxuries,
648 3895 743 3968 dona
759 3891 945 3984 Autumni,
964 3893 1167 3994 Bacchique
1183 3905 1359 4003 voluptas.

490 4051 650 4127 Naribus
668 4047 805 4120 interca
821 4045 984 4119 consedit
1000 4046 1109 4120 odora
1125 4048 1304 4128 huminum
1323 4058 1388 4146 vis,
1465 4091 1525 4156 ¹30

438 4206 557 4280 Docto
573 4205 673 4276 leves
691 4206 838 4295 captare
856 4218 973 4284 auras,
991 4195 1168 4275 Panchaia
1185 4207 1306 4300 quales

437 4355 532 4430 Vere
550 4376 644 4428 novo
662 4347 819 4438 exhalat,
838 4345 995 4421 Ifloroeve
1014 4349 1109 4444 quod
1126 4355 1246 4429 oscula
1262 4358 1423 4456 fragrant
