3824 5450
979 787 1030 859 40

462 991 644 1091 Largifluo
661 989 830 1088 quoniam
847 985 970 1088 Musei
986 927 1094 1086 cantu
1109 986 1231 1086 lepore

461 1145 570 1219 Mens
586 1164 715 1218 secura
729 1149 865 1228 monet,
882 1137 1084 1234 festinaque
1101 1137 1259 1212 defluere
1276 1137 1344 1211 sevi

462 1295 582 1368 Prima
598 1293 712 1389 quies,
728 1300 935 1385 teneraeque
950 1289 1074 1362 brevis
1090 1289 1239 1361 luseivis
1257 1289 1354 1362 vitae.

511 1439 693 1536 Principio
707 1437 842 1526 Terrae,
859 1445 968 1532 utque
985 1434 1087 1532 Ignis
1103 1433 1215 1525 Deus,
1232 1434 1440 1531 Oceanique
1509 1464 1551 1514 ao

464 1591 610 1667 Semina
628 1586 821 1662 discrevit:
846 1607 1002 1660 vacuum
1019 1592 1128 1681 atque
1145 1583 1297 1656 informe
1314 1583 1445 1657 silebat

466 1734 567 1812 Ante
584 1736 716 1827 cbaos,
730 1736 916 1832 jacuitque
933 1757 1064 1831 soporo
1080 1733 1241 1829 pondere
1257 1732 1367 1807 bruta

464 1884 653 1974 Materies,
669 1884 743 1956 late
761 1905 869 1978 quam
886 1881 1120 1955 circumsedit
1135 1904 1252 1977 opaca

465 2033 641 2129 Msjestus
657 2032 900 2120 tenebrarum
917 2042 1025 2128 utque
1042 2031 1106 2103 ulti
1123 2030 1285 2127 vesperis
1301 2030 1440 2103 horror.

464 2181 559 2256 'lum
574 2205 674 2272 vero,
691 2181 798 2254 simul
814 2190 922 2277 utque
939 2180 1025 2254 novi
1040 2179 1238 2277 primordia
1253 2179 1386 2276 pulsus
1514 2205 1554 2275 25

467 2329 578 2428 Cepit
593 2332 702 2420 iners,
718 2331 887 2404 habitura
903 2330 1051 2403 modum
1068 2353 1318 2426 quemcunque
1335 2329 1493 2402 aliunde·
1551 2331 1556 2342 “

461 2477 618 2550 Exterus
634 2477 807 2551 intulerat
821 2499 942 2549 rerum
959 2485 1075 2564 tenor,
1092 2473 1170 2548 ibat
1185 2475 1224 2548 in
1240 2475 1355 2548 altum

463 2625 615 2723 Impetis
631 2624 757 2698 aeterni
773 2624 930 2721 petiens,
946 2646 1064 2720 neque
1081 2621 1132 2696 ibi
1149 2647 1250 2698 mora
1266 2625 1389 2698 tardat

462 2777 634 2869 Terrena,
651 2798 865 2851 aurarumve
881 2774 1031 2850 hebetat
1047 2796 1172 2874 vapor,
1189 2775 1366 2849 infinitum

464 2928 675 3027 Porrigitur,
692 2950 900 3026 vacuusque
916 2937 1021 3025 patet
1036 2929 1113 3003 sine
1130 2929 1244 3003 limite
1261 2931 1428 3004 mundus.
1505 2961 1549 3028 30

515 3079 667 3152 Nuturae
683 3078 750 3151 sed
766 3078 862 3152 enim
879 3086 1017 3150 tructus
1034 3099 1134 3151 amor
1150 3079 1210 3151 ille
1227 3103 1295 3175 per
1310 3103 1436 3153 omnes

466 3229 565 3302 Rara
579 3228 796 3314 rudimenta,
814 3236 852 3299 et
867 3235 1011 3298 teneros
1027 3226 1228 3300 infunditur
1243 3237 1355 3317 ortus,

467 3377 732 3478 Agglomerure
749 3378 818 3450 sibi
836 3378 1070 3452 constrictum
1087 3403 1237 3475 corpore
1255 3403 1401 3477 corpus,

466 3528 686 3624 Miscerique
704 3535 742 3599 et
757 3525 857 3598 abire
874 3526 912 3598 in
928 3526 1025 3599 idem
1040 3557 1050 3611 ;
1076 3527 1114 3599 ni
1131 3527 1270 3624 irrupta
1285 3529 1433 3602 resistat

466 3677 639 3765 Durities,
657 3675 862 3771 solidusque
879 3673 1018 3746 minuto
1035 3675 1072 3747 in
1089 3675 1238 3770 pulvere
1255 3676 1348 3748 finis.
1501 3706 1544 3774 35

467 3819 558 3894 Inde
574 3831 684 3896 tenax
700 3833 822 3898 temen
839 3823 961 3914 Orbis,
979 3831 1016 3898 et
1033 3824 1118 3898 inde
1136 3825 1314 3898 elementa
1330 3825 1515 3900 coherent

467 3972 632 4070 Quisque
649 3972 750 4063 locis,
767 3972 876 4071 rigidi
892 3981 1044 4062 montes,
1061 3972 1280 4070 robustaque
1298 3997 1387 4047 saxa

466 4129 687 4202 Continuant
702 4151 795 4218 sese,
813 4137 851 4201 et
866 4128 966 4224 lengi
978 4129 1079 4223 jacet
1095 4150 1180 4200 aree
1197 4129 1316 4223 campi
1331 4154 1340 4199 :

463 4277 598 4350 Tenuis
614 4278 702 4349 item
719 4277 862 4350 tremuli
879 4277 978 4350 sinus
995 4277 1101 4368 aiiris,
1118 4285 1226 4373 utque
1243 4278 1441 4352 animarum

466 4425 596 4499 Fusilis
613 4425 764 4524 erigitur
781 4425 926 4502 sublimi
943 4426 1056 4503 limite
1075 4426 1235 4512 eandum
1511 4456 1555 4520 40
