3824 5450
954 753 1002 824 42

430 949 593 1022 Vertitur
610 949 758 1021 interior
775 948 914 1020 devexo
931 948 1074 1020 tramite
1092 969 1215 1045 gyrus,

435 1095 485 1169 Et
500 1089 664 1193 praece'ps
680 1103 760 1166 rota
775 1094 906 1190 vergit,
923 1116 967 1167 eo
982 1093 1099 1190 magis
1115 1093 1259 1190 impetis
1275 1105 1384 1170 auctu

433 1241 620 1331 Praeteriit,
637 1263 862 1337 vacuumque
879 1239 967 1338 fuga
984 1239 1162 1314 eluctatur
1177 1241 1215 1315 in
1231 1263 1363 1340 aequor.

433 1399 570 1473 Lentus
587 1395 638 1469 ibi
655 1417 808 1468 uscensu
824 1395 937 1482 lubor,
956 1404 993 1468 et
1009 1396 1236 1470 cunctantior
1251 1407 1354 1471 actus

432 1545 626 1640 Objicitur,
644 1543 760 1616 donec
773 1543 849 1638 jam
866 1543 1001 1638 largior
1016 1544 1134 1617 orbita
1149 1555 1291 1619 vastum

432 1689 629 1764 Rettulerit
645 1713 813 1778 errorem,
832 1699 869 1762 et
885 1712 1005 1762 rerum
1022 1713 1131 1763 cause
1147 1715 1335 1766 recurrens

432 1836 610 1910 Inclinato
627 1859 692 1910 suo
709 1836 827 1931 spatia
843 1836 1097 1910 instauraverit
1112 1860 1210 1910 arcu.

482 1987 680 2084 Perpetuos
696 1987 808 2083 igitur
824 1987 980 2082 genitrix
998 1987 1139 2061 Natura
1154 1989 1308 2062 reflexus

431 2138 525 2210 Viva
541 2147 663 2224 novat,
680 2135 927 2231 liquidumque
940 2135 1049 2230 jubar
1066 2136 1111 2207 de
1128 2136 1227 2208 fonte
1244 2137 1393 2230 perenni

431 2283 568 2370 Ebibit,
585 2283 682 2355 unde
700 2282 777 2354 dies
795 2292 833 2354 et
848 2282 969 2354 mollis
985 2283 1023 2354 in
1039 2283 1175 2356 aethere
1191 2284 1335 2367 servom

433 2431 540 2506 Unde
557 2431 715 2506 colorum
733 2429 872 2504 hubilcs
890 2432 1000 2505 tacito
1018 2431 1223 2507 discrimine
1240 2433 1375 2532 lapsus,

432 2581 481 2654 Et
497 2580 783 2677 septemgemino
800 2591 1016 2677 rumpuntur
1028 2583 1158 2656 ‘suavia
1173 2593 1271 2657 tortu

433 2727 597 2817 Lumina,
614 2737 723 2825 prout
739 2729 830 2801 radii
847 2730 965 2802 tenuis
982 2739 1125 2804 textura
1142 2733 1305 2806 cadendo

433 2879 636 2975 Frangitur,
654 2887 718 2950 aut
733 2878 852 2950 media
868 2877 958 2951 fluor
975 2879 1248 2974 interrumpitur
1263 2882 1401 2955 umbra.

483 3028 640 3102 Ultimus
658 3027 723 3101 Ille
741 3027 900 3100 coronati
917 3050 1011 3124 vaga
1028 3028 1173 3124 cingula
1189 3029 1270 3101 coeli

434 3178 615 3266 Ostendit,
633 3177 828 3272 tardusque
846 3177 1020 3249 immensa
1036 3177 1218 3249 volumina
1233 3188 1356 3250 versat

434 3327 552 3400 Nocte
570 3347 679 3420 super
695 3323 827 3419 gelida,
844 3324 902 3395 cui
920 3323 1099 3418 quondam
1116 3320 1272 3394 Amonis
1287 3323 1358 3395 Eoi

435 3473 586 3570 Propter
601 3469 844 3544 inumbratum
861 3471 989 3544 laceris
1006 3472 1073 3543 sub
1091 3472 1241 3567 rupibus
1257 3495 1410 3562 amnem,

436 3624 658 3722 Sulphureos
676 3623 779 3719 ignes
797 3624 931 3696 circum
948 3623 1111 3696 horribili
1128 3623 1266 3695 ululatu

435 3771 569 3846 Lurida
585 3771 761 3868 pallentes
779 3771 960 3844 duxerunt
975 3773 1077 3868 orgia
1093 3769 1237 3868 Mystae.

484 3921 579 3994 Aere
597 3919 727 3994 dehinc
741 3917 860 4014 jubar,
879 3929 916 3993 et
932 3921 1055 4016 magni
1071 3919 1131 3993 via
1147 3919 1303 3992 vertitur
1316 3921 1415 3994 axis:

436 4071 540 4146 llium
559 4069 650 4146 adeo
668 4069 704 4144 in
722 4069 826 4144 terris
843 4069 957 4144 veteri
975 4071 1164 4146 formidine
1181 4094 1303 4168 regom

435 4225 659 4314 Extulerunt,
676 4223 747 4298 nris
765 4221 893 4298 Divom
912 4223 1094 4322 sacrisque
1110 4225 1276 4322 repertis,

436 4371 586 4448 Pensilis
603 4393 673 4445 oere
691 4393 780 4444 cavo
797 4371 955 4469 clangor,
973 4396 1214 4470 responsaque
1231 4385 1354 4448 vatum

435 4517 654 4608 Thessalico,
672 4527 710 4591 et
726 4517 819 4592 tristi
837 4529 1005 4614 querceta
1023 4521 1186 4594 sonantia
1202 4530 1323 4594 vento.
