3824 5450
996 699 1045 777 '28

479 905 585 985 Ultra
600 907 797 982 animorum
815 903 941 990 aciem,
959 913 996 974 et
1011 911 1145 974 nostrae
1162 903 1315 977 confinia
1331 909 1473 982 mentis.

526 1055 624 1150 Ergo
639 1051 785 1124 umbros
802 1050 984 1144 sequimur
1000 1059 1138 1136 tenues,
1157 1061 1194 1122 et
1210 1052 1329 1124 inania
1345 1077 1464 1126 rerum

478 1201 623 1274 Somnia
637 1226 647 1271 ι
673 1222 741 1271 uec
757 1205 897 1269 moestae
913 1194 1044 1267 flerunt
1061 1193 1286 1267 Phaethonta
1303 1220 1455 1288 sorores,

477 1347 660 1422 Stillantes
677 1349 833 1422 vitreum
850 1343 944 1417 foliis
960 1344 1240 1442 lacrymantibus
1257 1345 1420 1436 imbrem,

476 1498 648 1576 Curribus
665 1523 855 1576 excussum
872 1497 1020 1594 patriis;
1046 1521 1112 1570 uec
1130 1499 1273 1572 conscia
1290 1497 1408 1572 Latini
1523 1521 1565 1590 70

475 1645 578 1720 Luna
593 1648 695 1721 videt
710 1667 878 1727 nemora;
904 1652 967 1716 aut
983 1644 1132 1716 stellatae
1148 1644 1353 1720 Atlantides
1370 1647 1499 1720 ardent

473 1795 655 1892 Virgineis
671 1793 845 1868 habitatae
862 1791 989 1864 animis
1004 1805 1217 1889 r—apparet
1233 1795 1271 1868 in
1287 1797 1361 1869 alto

475 1946 569 2019 Pura
586 1943 686 2040 quies
704 1941 808 2030 coelo,
825 1938 1041 2037 liquidisque
1058 1942 1219 2016 innantia
1236 1946 1361 2018 mundi

475 2094 603 2167 Sidera
618 2090 828 2176 vorticibus,
847 2098 884 2160 et
900 2089 972 2159 latc
989 2087 1129 2161 lucidus
1145 2090 1267 2162 aether.

522 2236 635 2325 Felix,
652 2237 713 2332 qui
730 2235 913 2332 placidum
931 2235 1068 2328 sophiae
1085 2237 1253 2310 libaverit
1269 2239 1435 2312 amnem!
1522 2259 1539 2327 7
1541 2259 1562 2328 5

473 2383 540 2457 cui
558 2407 686 2456 secura
701 2405 785 2454 suos
803 2381 919 2476 aperit
936 2382 1114 2476 sapientia
1130 2383 1271 2456 fontes!

473 2533 638 2607 Pluribus
654 2532 716 2605 illa
733 2530 878 2628 quidem
892 2559 903 2614 ς
929 2530 996 2604 scd
1013 2530 1109 2604 euim
1126 2532 1337 2604 circumstat
1353 2531 1484 2605 acerba

472 2683 640 2758 Dirarum
657 2681 780 2768 facies,
797 2679 1038 2776 prohibetque
1056 2681 1234 2777 attingere
1251 2681 1366 2776 ripam
1380 2711 1390 2764 ;

472 2835 659 2922 Anxietas,
677 2855 862 2928 vacuoque
880 2831 982 2905 ferox
1002 2831 1148 2905 Insania
1163 2833 1250 2920 risu,

471 2989 520 3063 Et
536 3009 758 3086 quaecunque
775 2985 927 3082 fatigato
944 3007 1066 3057 comes
1083 2983 1207 3057 addita
1224 2982 1324 3056 cordi
1522 2982 1564 3046 80

472 3137 598 3211 Haeret
613 3135 847 3234 inexpletum,
864 3143 973 3233 atque
991 3135 1111 3209 animo
1128 3134 1311 3208 febricitat
1328 3155 1436 3230 agro.

522 3286 621 3363 Quid
638 3285 704 3360 tibi
721 3295 907 3383 tantopere
926 3295 993 3374 cst,
1011 3284 1183 3373 mortalis,
1202 3283 1316 3357 multa
1332 3292 1541 3380 querentem

472 3436 625 3526 Ducere,
643 3435 903 3542 sollicitamque
920 3435 1023 3531 gravi
1041 3432 1231 3506 formidine
1248 3431 1360 3502 vitam
1376 3427 1388 3499 l

473 3583 572 3657 Quid
589 3606 723 3657 caecum
740 3583 860 3656 studio
877 3583 1023 3656 vivendi
1041 3579 1204 3657 deterere
1222 3577 1363 3653 arvom?

471 3727 745 3825 Nequicquam;
772 3729 938 3826 quoniam
952 3730 1077 3806 brevia
1094 3741 1204 3828 atquc
1222 3729 1361 3802 incerta
1373 3727 1563 3801 labascunt

470 3881 659 3977 Tempora,
677 3891 714 3953 et
730 3881 863 3955 iniecta
874 3881 1022 3979 jamjam
1040 3883 1088 3957 ad
1106 3892 1217 3977 caput
1233 3880 1374 3964 adstitit
1390 3879 1479 3950 hora
1519 3877 1560 3942 86

471 4027 584 4115 Mors,
602 4051 819 4124 operumque
838 4029 950 4125 quies,
969 4041 1007 4104 et
1023 4031 1212 4130 respiratio
1230 4051 1335 4103 curoe.

471 4173 548 4247 Nos
565 4184 683 4247 autern
701 4175 791 4248 lucis
809 4198 880 4250 non
898 4177 1082 4254 intellecta
1100 4177 1232 4275 cupido

420 4338 422 4342 ·
470 4317 618 4418 Alligat,
636 4333 742 4420 atque
761 4323 916 4402 arrimurn
935 4327 1124 4404 dulcedine
1143 4323 1279 4422 frangit
1296 4345 1428 4396 amara.
