3824 5450
964 800 1013 870 34

439 997 547 1070 Fama
566 1006 633 1084 est,
651 1006 846 1092 perpetuos
863 995 961 1068 illinc
979 1019 1018 1068 se
1036 1017 1224 1090 erumpere
1241 997 1371 1085 sontes,

440 1146 660 1243 Florigerum
678 1145 837 1234 Ladona,
855 1153 893 1218 et
908 1144 1048 1218 lubrico
1063 1145 1158 1218 vitro
1175 1143 1345 1234 Selemni,

424 1293 696 1398 'Crethidoqua
708 1293 999 1390 imbriferamque
1010 1278 1150 1392 Lycaeis
1162 1294 1317 1370 vallibus
1330 1295 1476 1394 Hagno,
1484 1314 1525 1395 65

438 1446 486 1520 llt
502 1446 658 1543 gelidam
676 1443 848 1539 Panopin‚
866 1452 904 1515 et
920 1441 1071 1518 Pirenen
1089 1444 1349 1543 lacrymosam:

437 1591 541 1665 Illinc
558 1602 596 1665 et
611 1591 757 1686 rapidos
773 1613 896 1663 amnes
912 1591 1035 1680 fluere,
1052 1602 1090 1664 et
1105 1615 1204 1666 mare
1220 1618 1404 1692 magnum.

490 1741 664 1816 Pervidus
680 1740 766 1814 hinc
783 1748 909 1814 contro
925 1739 1151 1837 Phlegethon
1167 1752 1327 1820 torrento
1344 1771 1496 1824 corusco

440 1893 585 1968 Circum
602 1893 734 1990 agitur,
752 1902 865 1967 vastae
881 1916 1097 1990 permanans
1114 1919 1228 1992 regna
1243 1899 1358 1974 ruinae

437 2049 585 2136 Pallida,
603 2056 706 2122 senta
723 2048 807 2135 situ,
825 2047 1067 2143 pendentibus
1083 2071 1213 2144 aspera
1228 2053 1337 2125 sexis.
1481 2086 1524 2154 70

437 2197 549 2270 Haud
565 2197 708 2270 aliunde
725 2195 815 2268 levis
832 2219 898 2292 per
914 2197 995 2270 laxa
1012 2197 1188 2270 foramina
1204 2207 1311 2273 terroe

435 2349 628 2422 Permanet
644 2347 752 2435 color,
770 2355 808 2420 et
823 2346 917 2418 fissis
936 2347 1160 2442 penetrabile
1176 2350 1280 2422 venis

435 2497 600 2571 Insinuat
615 2518 695 2569 sese
712 2495 864 2568 flamme
881 2495 1024 2568 subtilis
1040 2519 1204 2570 acumen.

435 2645 525 2718 inde
543 2646 642 2740 quati
658 2655 811 2730 montes,
829 2644 1078 2739 elementaque
1094 2645 1308 2742 belligerare

436 2791 649 2864 Carceribus
666 2791 805 2864 inclusa
820 2791 907 2880 suis,
924 2792 1009 2865 inde
1026 2793 1140 2866 ardua
1155 2795 1255 2868 cerni
1480 2829 1498 2898 7
1501 2836 1521 2900 5
1549 2855 1551 2861 .

436 2941 616 3039 Prodigia,
634 2939 671 3016 et
687 2941 839 3038 trepidis
856 2943 940 3038 olim
957 2944 1131 3018 miraculo
1147 2946 1268 3020 nautis

436 3088 630 3164 Fumantes
648 3089 771 3164 Hierae
789 3091 939 3187 scopuli,
957 3091 1191 3190 Liparaeaque
1208 3069 1341 3192 rupes

436 3237 676 3336 Sulphuream
694 3241 881 3335 exspirans
898 3241 1048 3336 pallenti
1065 3242 1200 3314 vertice
1217 3243 1346 3317 lucem.

482 3388 606 3461 Tertia
621 3398 814 3461 moerentes
831 3388 925 3461 tristi
942 3371 1130 3485 torpedine
1146 3389 1277 3464 fluctus

437 3536 529 3634 Styx
545 3536 633 3632 agit,
651 3544 689 3610 et
705 3536 852 3631 glaucas
869 3535 1063 3608 intersecat
1078 3535 1226 3609 horrida
1241 3537 1339 3633 ripas
1399 3517 1400 3524 ἵ
1478 3553 1520 3618 80

435 3687 631 3760 Plebilibus
647 3687 886 3782 lacrymarum
902 3686 1021 3775 undis,
1038 3695 1146 3781 atque
1164 3709 1268 3758 amne
1286 3710 1424 3760 savem.

435 3835 621 3908 remedio
636 3833 734 3906 misti
750 3833 788 3905 in
806 3833 923 3928 spatio
938 3856 1093 3906 vacuum
1110 3855 1215 3904 omne
1232 3834 1388 3906 tumultu

436 3981 639 4077 Complent,
656 3991 765 4078 atque
781 3983 879 4053 intus
895 3980 1140 4076 penetralibus
1156 3979 1366 4075 interruptis

434 4130 648 4203 Vehementi
665 4139 853 4202 ventorum
871 4129 957 4216 ictu,
975 4151 1116 4200 sursum
1134 4136 1242 4224 atque
1260 4128 1424 4202 deorsum

435 4279 627 4375 Exagitata
644 4279 732 4352 furit
747 4279 852 4352 fracti
870 4278 1048 4351 discordia
1066 4277 1202 4349 mundi.
1477 4293 1517 4377 85

437 4423 520 4500 Quo
537 4424 642 4500 simul
659 4448 701 4499 oe
718 4425 858 4515 flentes,
875 4427 966 4499 vitai
982 4447 1066 4499 vere
1084 4424 1221 4512 relicto,
