3824 5450
968 766 1017 842 50

448 964 588 1041 Umbro
602 965 784 1056 trucidati,
800 966 903 1040 voltu
918 965 1068 1057 furialis,
1085 967 1205 1056 sinici,

448 1109 721 1210 Bacchaturque
737 1111 856 1201 minis,
872 1112 1073 1210 volnusque
1089 1114 1247 1186 intentat
1261 1112 1426 1187 inultum.

497 1261 608 1336 Porro
623 1263 774 1336 maturis
791 1261 966 1336 adolescit
982 1263 1192 1358 corporibus
1207 1285 1322 1350 mens,

451 1410 758 1508 Mnemosyneque
774 1412 897 1508 viget3
923 1411 1080 1484 subeunt
1095 1419 1216 1484 tomen
1233 1431 1363 1505 aspero
1378 1431 1485 1498 curae,

447 1555 718 1651 Conturbotque
735 1555 893 1628 mimum
909 1557 1001 1628 vitai
1015 1555 1161 1629 sedrdus
1178 1577 1305 1650 angor,
1492 1567 1536 1636 70

446 1703 495 1777 Et
511 1702 628 1777 morbi
645 1702 831 1787 crucient3
857 1701 1097 1800 languescunt
1112 1711 1275 1798 tempore
1291 1701 1402 1799 longo

446 1851 586 1948 Effigies
602 1861 742 1940 tenues,
759 1859 867 1946 atque
884 1851 1123 1924 obscurantur
1138 1849 1176 1922 in
1192 1850 1312 1923 horos.

449 1996 551 2073 Quos
567 2007 689 2071 tomen
705 1997 886 2070 interdum
902 1997 1023 2070 valido
1038 1998 1228 2072 vexamine
1244 2021 1394 2071 versans

447 2147 626 2222 insomnis
643 2147 752 2229 furor,
772 2155 836 2218 aut
850 2145 985 2218 rebidae
1001 2145 1173 2218 violentie
1188 2143 1299 2218 febris

448 2297 642 2388 Redducit,
660 2296 797 2370 dudum
812 2297 951 2370 velatos
967 2305 1074 2370 nocte
1090 2306 1245 2370 vetusto.
1492 2327 1532 2397 75

445 2448 501 2522 Ac
518 2447 630 2522 veluti
647 2468 779 2543 magne
795 2446 904 2520 tellus
921 2447 1092 2519 convolsa
1107 2447 1214 2518 ruina

447 2595 600 2669 immoni
616 2594 784 2688 antiquos
801 2594 926 2666 urbeis
943 2593 1115 2667 discludit
1129 2595 1253 2679 hiotu;

448 2742 550 2818 Quos
567 2739 653 2813 oiim
669 2738 861 2834 ignivomis
878 2740 1065 2812 exundans
1082 2741 1204 2813 obruit
1219 2751 1328 2814 aestus

447 2889 613 2978 Diluviis,
630 2897 694 2960 eut
708 2887 789 2982 ipso
804 2887 983 2983 profundo
999 2888 1136 2962 vortice
1154 2892 1289 2987 sorpsit

447 3033 617 3108 Faucibu'
636 3033 833 3129 disruptis:
859 3033 1037 3128 adparent
1053 3035 1178 3107 ordine
1194 3037 1303 3131 longo
1493 3054 1535 3115 80

446 3181 597 3276 Templo
613 3179 743 3268 Deum,
761 3181 958 3276 spissaeque
975 3183 1057 3269 vioe,
1074 3183 1264 3278 medioque
1280 3197 1430 3278 repente

447 3328 555 3401 Festo
570 3325 713 3422 sepulte
730 3327 852 3414 choro,
869 3335 978 3422 atque
994 3327 1120 3400 infecti
1135 3352 1269 3424 pompe
1284 3333 1469 3426 triumphi.

497 3470 661 3568 Denique
678 3493 761 3544 cum
778 3470 878 3545 senio
896 3471 1113 3570 franguntur
1128 3474 1302 3564 membro,
1318 3475 1455 3550 fatiscit

447 3622 578 3696 Vivida
593 3623 650 3696 vis
666 3621 788 3712 anmi,
805 3623 898 3696 rotio
915 3623 1030 3696 deliro
1044 3633 1210 3720 vagetur,

447 3774 697 3870 infantemque
714 3772 864 3846 trahunt
877 3771 1013 3847 oblivio
1029 3773 1128 3848 lente
1143 3787 1341 3850 veternum.
1493 3779 1533 3866 85

447 3921 544 4014 Non,
562 3922 658 4020 quod
674 3921 889 3998 Aristoteles
904 3923 1085 4020 perhibet,
1103 3926 1188 4022 quia
1203 3927 1311 4000 molle
1329 3930 1516 4004 cerebrum

448 4075 534 4149 Post
549 4097 628 4148 {ovo
645 4075 751 4173 riget,
769 4085 807 4150 et
823 4075 928 4174 signo
944 4100 1074 4174 perere
1091 4091 1237 4154 recuset

449 4221 629 4321 Impresso
648 4223 794 4326 (cepitis
811 4227 913 4324 quosi
931 4227 1076 4304 domum
1092 4231 1260 4328 angustio
1276 4233 1392 4330 possit

448 4369 566 4448 Finito
583 4375 700 4472 spotio
717 4375 950 4472 complectier
965 4375 1124 4450 infinitos
