3824 5450
975 741 999 810 4

432 935 493 1010 'lu
510 961 624 1011 eaeem
641 960 760 1012 rerum
777 961 915 1028 causas,
932 939 1138 1034 fontemque
1154 961 1318 1012 severum

441 1089 574 1180 Pande,
592 1091 722 1178 Puter;
748 1093 815 1166 tibi
832 1095 938 1182 enim,
956 1094 1034 1182 tibi,
1051 1095 1128 1167 veri
1144 1117 1274 1190 magne
1293 1093 1480 1178 Sacerdos,

445 1237 564 1310 Corda
579 1249 708 1333 patent
722 1240 920 1328 hominum,
937 1226 1046 1335 atquc
1063 1241 1146 1312 altae
1162 1241 1361 1336 penetralia
1377 1240 1525 1311 Mentis.

484 1383 612 1496 ''linque
629 1408 733 1458 aures
750 1386 881 1459 adhibe
897 1410 1042 1475 vacuas,
1059 1387 1265 1483 facilesque,
1283 1367 1429 1476 Favoni,
1486 1401 1525 1462 16

441 1527 567 1620 (Quod
583 1531 650 1603 tibi
667 1533 797 1606 crescit
813 1529 919 1629 opus)
939 1535 1092 1630 simplex
1107 1558 1175 1607 nec
1193 1534 1338 1631 despice
1356 1560 1512 1622 carmen,

438 1677 518 1750 Nee
534 1689 679 1751 vatem:
705 1649 855 1753 non'illa
870 1683 969 1753 leves
985 1681 1180 1775 primordia
1197 1691 1328 1769 motus,
1358 1777 1360 1782 Ι

439 1825 653 1921 Quanquam
663 1851 787 1923 parva,
798 1827 946 1899 dabunt.
972 1827 1112 1900 Laetum
1121 1829 1180 1901 vel
1190 1829 1343 1902 amabile
1355 1829 1525 1924 quiequid

439 1972 599 2069 Usquam
615 1975 738 2063 oritur,
752 1975 862 2049 trahit
878 1975 962 2049 hine
979 1987 1117 2060 ortum;
1135 2000 1202 2049 nee
1215 1978 1332 2072 surgit
1348 1978 1394 2050 ad
1408 2000 1525 2063 auras,

438 2121 537 2198 Quin
554 2145 597 2196 ea
614 2123 819 2220 conspirent
835 2123 951 2213 simul,
969 2133 1189 2222 eventusque
1207 2126 1416 2200 secundent.
1485 2161 1520 2208 21

438 2274 537 2349 Hinc
553 2275 663 2348 variae
679 2275 768 2348 vitai
784 2285 892 2364 artes,
909 2298 952 2348 ae
968 2275 1108 2349 mollior
1124 2300 1222 2365 usus,

437 2424 552 2500 Dulce
570 2435 607 2500 et
623 2425 789 2500 amicitiae
805 2427 983 2500 vinclum:
1011 2426 1194 2524 Sapientia
1211 2430 1271 2504 dia

439 2577 538 2651 Hine
555 2601 696 2651 roseum
713 2579 879 2652 accendit
894 2579 1026 2668 lumen,
1043 2580 1214 2678 vultuque
1232 2607 1358 2656 screno

440 2730 628 2804 Humanas
645 2730 761 2826 aperit
776 2731 926 2819 mentes,
943 2754 1037 2803 nove
1053 2733 1185 2826 gaudia
1201 2745 1415 2826 monstrans,
1484 2767 1523 2833 25

438 2879 696 2975 Deformesque
713 2877 817 2974 lugat
833 2901 948 2967 curas,
965 2902 1147 2975 vanosque
1164 2883 1333 2957 timoresz

439 3025 585 3097 Scilicet
602 3033 639 3095 et
653 2999 780 3094 rerum
790 3026 920 3096 erescit
934 3025 1173 3118 pulcherrima
1188 3031 1322 3105 Virtus.

438 3173 506 3246 llla
523 3172 642 3260 etiem,
661 3195 741 3266 quae
758 3180 794 3243 te
815 3168 957 3262 (mirum
970 3169 996 3263 l)
1015 3184 1207 3271 noctesque
1225 3178 1372 3275 diesque

438 3319 594 3393 Assidue
610 3318 710 3391 fovet
726 3317 915 3412 inspirans,
932 3317 1161 3416 linguamque
1178 3337 1387 3419 sequentem

436 3467 631 3561 Temperat
646 3463 684 3535 in
700 3483 878 3548 numeros,
895 3471 1002 3556 atque
1019 3463 1125 3537 horas
1141 3469 1275 3542 mulcet
1290 3473 1445 3560 inertes;
1478 3509 1522 3572 30

439 3613 561 3685 Aurea
577 3634 648 3682 non
666 3609 737 3681 alia
754 3629 792 3678 se
806 3606 921 3702 jactat
938 3609 1074 3703 origine
1091 3609 1208 3684 Musa.

489 3755 680 3852 Principio,
697 3761 739 3826 ut
755 3771 926 3848 magnum
941 3750 1058 3824 loedus
1075 3753 1214 3830 Natura
1231 3766 1384 3838 creatrix

439 3903 623 3992 Firmavit‚
641 3898 755 3974 tardi·
769 3896 948 3994 jussitque
965 3898 1158 3976 inolescere
1175 3909 1344 3984 membris

441 4055 620 4131 Sublimes
638 4049 799 4132 animas;
826 4045 1016 4121 tenebroso
1032 4048 1069 4122 in
1086 4072 1228 4127 carcere
1244 4070 1382 4152 partem

440 4172 567 4274 Noluit
583 4197 778 4272 aetheream
796 4192 904 4290 longo
921 4202 1063 4290 torpere
1080 4207 1227 4276 veterno
1242 4230 1250 4274 ε
1479 4245 1522 4314 35

440 4345 520 4422 Nee
537 4368 603 4445 per
621 4367 659 4420 re
676 4341 860 4442 proprium
878 4361 985 4438 passe
1002 4363 1166 4420 exercere
1184 4349 1341 4446 vigorem
1359 4370 1425 4448 ost,
