3824 5450
889 730 939 800 43

421 924 520 1000 lnsrn
537 935 669 1015 autern,
687 947 883 1024 cursusque
900 948 1067 1023 premens
1085 926 1238 1000 confinia
1254 927 1378 1018 nostri,
1414 965 1457 1031 90

373 1077 560 1152 Ismarium
577 1079 703 1176 rapido
720 1076 880 1174 aperitur
895 1077 1032 1150 vertice
1050 1099 1192 1150 numen.

422 1217 478 1296 At
493 1223 628 1314 Venus,
646 1234 729 1298 ante
747 1223 835 1298 alios
853 1222 935 1296 coeli
952 1221 1139 1296 sublimior
1156 1225 1271 1320 ignes,

370 1371 472 1446 Vidit
488 1373 675 1448 odoratum
694 1373 824 1449 Libani
841 1395 980 1463 nemus,
999 1382 1037 1447 et
1053 1374 1146 1448 fretu
1163 1383 1273 1450 cantu

372 1518 497 1618 Longa
513 1523 615 1618 queri
629 1550 639 1606 ;
664 1521 783 1596 luctus
799 1521 988 1618 Tyriarum
1006 1531 1044 1596 et
1060 1521 1181 1596 mollia
1197 1532 1349 1596 matrum

372 1667 536 1757 Munera,
553 1679 787 1766 rorantesque
803 1692 916 1759 rosas,
933 1680 1171 1767 moestamque
1188 1695 1386 1748 anemonen
1417 1707 1436 1772 9
1437 1700 1457 1772 5

370 1814 549 1912 Spargere
566 1840 747 1912 purpureo
763 1817 935 1890 violatum
952 1818 1097 1890 volnere
1115 1818 1261 1892 iontem.

421 1960 516 2036 Dein
534 1963 701 2060 propiore
719 1971 799 2035 rota
814 1963 999 2036 rutilantia
1016 1963 1138 2038 limina
1155 1964 1249 2038 radit

371 2115 519 2212 Cyllene
537 2115 573 2187 in
591 2115 712 2212 gelida
729 2117 847 2189 dictus
865 2139 1034 2190 sacer.—

420 2264 564 2338 Interca
580 2265 698 2361 spatia
715 2266 793 2360 ipsa
810 2265 960 2360 perenni
977 2267 1116 2360 percita
1132 2267 1240 2362 pulsu

369 2414 457 2487 Vise
473 2413 579 2486 simul
595 2412 717 2502 fluere,
736 2422 773 2486 et
790 2413 871 2486 eoeli
888 2403 1050 2508 positura
1066 2414 1260 2510 malignam
1398 2447 1459 2491 100

370 2564 524 2660 Serpere
541 2563 646 2637 tarda
662 2563 771 2651 viana
790 2561 955 2659 quamvis
972 2562 1155 2652 intactile,
1173 2587 1257 2651 una,

370 2713 598 2804 Ountinuata,
617 2736 732 2810 capax
750 2734 881 2801 rerum,
899 2711 1047 2810 regione
1064 2710 1267 2809 profunda:

372 2865 496 2962 Usque
513 2864 605 2938 adeo
622 2862 689 2936 sub
708 2857 791 2947 Sole
808 2859 950 2936 reflexis
967 2860 1116 2934 orbibus
1133 2885 1248 2934 annus

372 3014 492 3087 Senior
510 3013 660 3108 erigitur
676 3010 832 3098 rediens,
850 3009 1043 3105 apicesque
1060 3008 1202 3082 volutos

372 3159 421 3232 Et
436 3158 605 3255 prolapsa
621 3158 677 3229 sui
694 3155 856 3252 sequitur
873 3155 1019 3251 fastigia
1036 3179 1173 3229 cursus.
1398 3183 1435 3227 ιο
1436 3181 1456 3249 5

373 3305 539 3401 Namque
556 3303 619 3376 ubi
636 3325 675 3377 se
693 3302 838 3398 obliquo
856 3302 1026 3376 scindunt
1042 3302 1156 3376 effusa
1172 3311 1294 3376 meatu

371 3455 543 3552 AEquora,
561 3463 599 3528 et
616 3455 743 3528 alterni
761 3455 906 3550 gravior
922 3455 1054 3527 vicinia
1070 3464 1188 3527 motus

370 3603 508 3691 Allicit,
526 3611 623 3675 astra
639 3625 724 3674 suos
740 3624 854 3696 usque
872 3600 1088 3674 aeclinantia
1103 3600 1219 3672 flexus

371 3751 448 3828 Aut
463 3751 602 3848 prolixa
618 3751 753 3838 volant,
771 3757 834 3822 aut
851 3747 1027 3822 delibrata
1045 3747 1209 3821 feruntur

373 3901 415 3974 In
432 3897 681 3972 latua-Inde
698 3898 775 3993 pati
792 3896 930 3970 senium
948 3919 1043 3993 vaga
1059 3895 1197 3968 fabrica
1214 3891 1350 3982 mundi,
1398 3916 1460 3965 110

372 4047 485 4142 Inque
503 4047 581 4119 dies
602 4046 653 4118 ire
671 4045 707 4116 in
726 4067 844 4134 casus,
862 4051 971 4140 atque
988 4043 1121 4139 impete
1140 4043 1204 4116 sati

372 4194 529 4267 Assiduo
545 4193 754 4266 labefactari
770 4191 966 4289 primordia
982 4212 1113 4264 rerum.

372 4343 520 4419 Scilicet
537 4351 574 4418 et
590 4350 733 4437 tempus
746 4340 879 4432 veniat,
898 4364 968 4441 quo
985 4339 1142 4414 maxima
1158 4337 1270 4413 moles

1172 4480 1193 4522 e
1206 4461 1225 4518 2
