3824 5450
960 673 1020 733 viii.

495 827 681 902 Interdum
715 852 802 901 vero
829 827 1015 900 Musarum
1044 850 1114 899 vox
1144 827 1281 923 grande
1315 832 1460 927 aliquod
1494 848 1532 909 et

444 938 697 1034 philosophum
728 949 855 1022 sonat3
895 949 1002 1034 atque
1032 938 1094 1011 illa
1120 942 1320 1032 praesertim
1350 944 1395 1016 de
1423 969 1533 1020 causa

443 1053 524 1126 haec
541 1052 712 1140 carmina,
731 1076 811 1148 quoe
835 1051 911 1147 jam
938 1052 1093 1146 primum
1117 1052 1154 1124 in
1181 1077 1292 1126 unum
1319 1055 1531 1133 fasciculum

443 1165 581 1262 redegi,
599 1187 738 1238 summa
755 1163 991 1238 admiratione
1013 1162 1124 1259 digna
1139 1165 1320 1254 videntur,
1337 1169 1435 1263 quod
1460 1193 1532 1244 nou

444 1280 468 1314 “
478 1301 586 1374 nugae
610 1275 773 1350 canorae'’
798 1285 893 1365 sunt,
911 1276 977 1348 sed
993 1299 1052 1348 res
1069 1299 1219 1372 magnas
1236 1300 1369 1374 magno
1385 1282 1531 1376 ingenio

443 1399 623 1471 tractant;
650 1399 699 1474 et,
725 1387 984 1483 quaestionibus
1013 1387 1176 1460 obscuris
1206 1389 1324 1461 lucem
1352 1395 1532 1485 poeticam

443 1499 712 1587 circumdando,
730 1499 917 1571 intellectu
935 1497 1115 1570 faciliores
1131 1499 1299 1571 reddunt.
1352 1501 1429 1574 lllis
1446 1527 1532 1578 sane

442 1612 538 1684 inest
554 1611 666 1682 mirus
680 1609 825 1704 quidam
843 1608 1027 1705 cogitandi
1039 1609 1144 1704 vigor
1160 1619 1199 1681 et
1211 1613 1398 1701 severitas,
1411 1637 1531 1689 rerum

443 1725 532 1796 ordo
558 1722 774 1811 luculentus,
801 1721 975 1794 sermonis
1004 1721 1123 1794 Latini
1148 1722 1250 1819 lepor
1274 1748 1394 1798 merus
1424 1738 1532 1824 atque

444 1836 637 1931 elegantia.
679 1834 782 1907 Talia
799 1835 960 1908 carmina
976 1834 1038 1929 qui
1056 1833 1204 1922 scribat,
1221 1858 1371 1909 necesse
1388 1849 1533 1912 estnon

443 1949 560 2020 solum
583 1947 723 2020 “labra
744 1947 844 2019 fonte
869 1945 1056 2019 Caballino
1078 1946 1288 2041 proluerit,”
1315 1949 1382 2020 sed
1405 1953 1534 2024 studiis

444 2082 586 2155 quoque
603 2057 826 2154 gravissimis
844 2081 883 2130 se
902 2056 1056 2145 dederit,
1068 2057 1182 2128 multa
1197 2057 1422 2152 perdifficilia
1434 2071 1533 2136 recte

442 2170 634 2267 intelligat,
650 2193 772 2244 rerum
795 2178 960 2243 naturam
988 2169 1107 2241 animo
1127 2169 1273 2265 penitus
1294 2174 1532 2267 perspexerit.

442 2282 532 2358 Haec
550 2293 671 2358 autem
689 2283 750 2380 qui
767 2281 906 2371 fecerit,
925 2305 971 2355 an
996 2305 1069 2354 non
1095 2281 1204 2354 rebus
1229 2281 1429 2357 utilissimis
1451 2309 1533 2360 ver-

442 2405 544 2470 sutus
562 2394 644 2469 est?

490 2571 805 2669 Supervacaneum
847 2569 952 2656 foret,
995 2578 1177 2664 utcunque
1220 2580 1376 2666 gratum,
1418 2595 1532 2667 pauca

440 2685 606 2780 quaedam
636 2685 682 2757 de
710 2681 918 2755 auctoribus
951 2680 1081 2752 horum
1116 2683 1314 2753 carminum
1350 2683 1532 2778 adjicere;

438 2797 491 2868 illi
508 2797 604 2870 enim
621 2795 773 2868 literatis
790 2794 957 2880 omnibus
981 2793 1069 2866 sotis
1095 2793 1313 2890 jampridem
1336 2796 1411 2868 uoti
1435 2808 1530 2870 sunt.

439 2907 523 2982 Hoc
549 2932 660 2982 unum
686 2907 839 2981 lectores
866 2907 1020 2978 monitos
1049 2905 1170 2994 velim,
1204 2917 1372 3004 poemata
1396 2907 1473 2982 haec
1508 2934 1530 2980 a

434 3021 631 3116 juvenibus
648 3021 785 3116 scripta
801 3042 893 3108 esse,
911 3019 973 3114 qui
989 3019 1051 3091 vix
1070 3018 1146 3113 jam
1164 3042 1209 3092 cx
1227 3019 1378 3116 ephebis
1403 3044 1530 3094 exces-

438 3130 582 3220 sissent,
603 3131 714 3203 immo
734 3132 798 3202 vix
824 3131 1001 3224 gremium
1024 3127 1155 3200 Matris
1181 3129 1334 3202 Erouls
1365 3131 1529 3227 reliquis-

437 3252 530 3316 sent.
1446 3277 1449 3282 ·

486 3414 616 3512 Neque
652 3416 808 3488 alienum
842 3438 922 3487 esse
955 3415 1002 3487 ab
1037 3415 1107 3488 hoc
1141 3438 1249 3509 opere
1288 3415 1460 3511 judicem,
1495 3421 1525 3491 si

436 3527 646 3602 Academia
675 3538 810 3600 nostrae
835 3527 999 3600 alumnos
1025 3527 1161 3615 horter,
1184 3537 1226 3599 ut
1251 3526 1345 3600 bene
1370 3553 1525 3625 perpen-

436 3640 526 3712 dant
553 3641 791 3735 quantumin
808 3639 996 3712 Musarum
1019 3639 1148 3710 studiis
1174 3640 1381 3732 complures
1402 3664 1447 3712 ex
1466 3644 1522 3729 iis,

436 3752 498 3846 qui
515 3751 584 3824 sibi
609 3751 647 3825 in
667 3752 737 3824 hoc
755 3751 934 3824 curriculo
950 3760 1233 3837 antecesserunt,
1251 3750 1457 3836 effecerint;
1485 3766 1523 3826 et

434 3863 600 3959 exempla
616 3885 740 3936 eorum
757 3873 831 3936 tam
860 3861 1034 3959 praelata
1056 3861 1152 3934 omni
1176 3861 1283 3934 laude
1309 3872 1419 3958 atque
1443 3865 1522 3937 imi-

357 3984 362 3992 '
434 3977 571 4050 tatione
590 3976 800 4072 dignentur.

1257 4101 1300 4175 G.
1318 4101 1361 4174 G.
1380 4098 1420 4174 C.

530 4247 657 4320 Eanum,

432 4349 500 4412 Kal.
515 4351 583 4412 Jan.
599 4369 805 4411 uncccxxxrx.
