3824 5450
730 1575 799 1652 ΑΙ)
833 1565 1117 1651 LECTOREM.

431 1896 591 1984 Hunno,
618 1895 668 1967 mi
686 1893 828 1984 Lector,
854 1892 1014 1966 earmina
1033 1892 1197 1988 quaedam
1221 1890 1315 1986 stylo
1335 1889 1469 1966 Lucre·

380 2010 480 2082 tiano
509 2008 657 2104 scripta,
684 2007 764 2103 ipso
793 2005 974 2094 Lucretio,
1007 2005 1046 2076 ni
1075 2003 1191 2093 fallor,
1218 2003 1280 2076 vix
1306 2005 1468 2102 indigna.

380 2121 471 2195 Qum
488 2121 632 2216 quidem
650 2145 724 2193 non
742 2121 897 2216 primum
911 2119 987 2214 jam
1004 2119 1042 2190 in
1058 2118 1176 2192 lucem
1189 2117 1372 2214 publicam
1385 2142 1468 2214 pro-

378 2233 502 2320 dsunt,
522 2233 589 2304 scd
614 2233 768 2305 antehac
786 2257 858 2304 non
880 2255 952 2303 uno
969 2231 1042 2302 ullo
1065 2231 1157 2302 libro
1178 2230 1467 2303 continebantur.

381 2342 563 2416 Quoniam
575 2366 662 2416 vero
675 2343 883 2438 preclaram
900 2341 1036 2437 ingenii
1052 2341 1126 2412 vim
1139 2339 1287 2428 habere,
1300 2349 1408 2435 atque
1421 2342 1470 2414 ad

375 2477 452 2526 rem
462 2476 572 2526 unam
584 2455 849 2548 quodammodo
860 2463 1027 2550 spectare
1039 2453 1261 2541 viderentur,
1272 2453 1398 2547 putavi
1410 2478 1468 2526 me

374 2587 447 2634 non
464 2563 559 2636 male
577 2564 623 2636 dc
644 2564 797 2638 literatis
825 2565 991 2637 omnibus
1011 2564 1235 2651 meriturum,
1253 2563 1284 2634 si
1301 2573 1470 2658 poemata

375 2682 448 2745 tarn
467 2673 621 2769 pulchra
638 2699 710 2748 uno
728 2676 834 2748 simul
851 2675 1024 2749 fasciculo
1042 2675 1310 2772 conjungerem.
1337 2673 1467 2772 Neque

374 2807 433 2856 me
467 2783 607 2872 fefellit,
642 2786 739 2879 quod
769 2787 923 2859 fortasse
952 2785 1005 2858 ita
1034 2785 1209 2858 collocata
1238 2785 1468 2881 splendorem

375 2920 478 2967 suurn
493 2905 618 2969 mutuo
636 2921 887 2993 repercussum
905 2907 1091 2995 augerent.
1129 2897 1323 2995 Utcunque
1339 2897 1409 2971 hoc
1427 2923 1467 2972 se

375 3007 520 3096 habeat,
551 3011 783 3084 excusatione
810 3011 898 3084 mihi
923 3011 1085 3108 indigere
1106 3035 1178 3082 non
1201 3010 1339 3100 videor,
1370 3012 1466 3108 quod

375 3147 450 3196 renr
469 3123 703 3222 susceperim,
722 3150 801 3224 qua
831 3127 947 3202 doctis
976 3125 1197 3200 nullomodo
1227 3125 1370 3225 ingrata
1387 3151 1466 3203 esse

374 3249 505 3336 potest.
548 3239 616 3313 Est
633 3265 720 3316 sane
734 3243 935 3339 jucundum
952 3267 1079 3316 versus
1098 3243 1213 3316 bonos
1231 3243 1340 3317 etiam
1357 3254 1466 3342 atque

374 3353 482 3424 etiarn
499 3353 716 3450 perlegere;
742 3379 869 3429 vereor
896 3365 1017 3429 tamen
1048 3379 1093 3428 ne
1122 3356 1266 3452 vulgus,
1283 3356 1354 3430 hoc
1376 3381 1468 3453 prae-

375 3465 498 3536 sertim
517 3466 661 3555 saeeulo,
675 3467 862 3541 Musarum
879 3479 1043 3543 veterum
1056 3469 1214 3541 studium
1228 3469 1333 3542 dulce
1346 3470 1466 3565 potius

377 3599 484 3669 quarn
502 3578 590 3650 utile
610 3601 690 3651 esse
708 3591 892 3669 censeant,
911 3582 1002 3654 etin
1020 3604 1060 3652 re
1077 3604 1225 3676 prorsus
1243 3581 1468 3656 infructuosa

375 3688 455 3761 illos
482 3693 618 3764 versari
647 3693 808 3780 credant,
836 3696 898 3790 qui
924 3695 1090 3768 versibus
1118 3694 1256 3782 Latinis
1290 3695 1466 3769 faciendis

374 3823 521 3892 operam
538 3803 734 3875 insumunt.

422 3973 502 4068 Ego
532 3987 658 4049 contra
685 3979 824 4072 opinor,
855 3981 1027 4074 quicquid
1053 3981 1101 4052 ad
1129 4005 1247 4053 mores
1281 3983 1466 4058 hominum

373 4083 606 4156 emolliendos
644 4097 797 4182 spectet,
824 4089 996 4183 quicquid
1022 4113 1148 4162 sensus
1174 4101 1316 4163 nostros
1344 4118 1465 4167 rerum

277 4202 279 4208 ’
376 4191 608 4287 pulchrarum
626 4197 844 4292 imaginibus
862 4199 1031 4288 delectet,
1049 4201 1220 4294 quicquid
1242 4224 1265 4272 a
1284 4206 1465 4298 corporeis

373 4314 411 4376 et
444 4307 602 4378 externis
638 4308 776 4381 deliciis
810 4311 857 4382 ad
886 4313 1049 4406 puriores
1080 4311 1185 4383 simul
1216 4313 1464 4412 dulcioresque

374 4416 482 4487 animi
506 4417 711 4514 voluptates
737 4432 894 4512 revocet,
922 4448 993 4496 non
1011 4424 1241 4499 mediocriter
1265 4426 1354 4499 'utile
1386 4451 1464 4501 esse

374 4527 591 4602 habendum.
