3824 5450
848 725 887 795 ll

321 921 507 1016 Expende.
560 917 672 991 Haud
687 939 798 990 unum
814 918 988 1006 iuvenies,
1006 922 1103 1014 quod
1119 933 1240 998 mente
1257 926 1381 1000 licebit
1518 919 1522 934 '

322 1067 516 1165 Amplecti,
533 1066 675 1180 nedum!
683 1066 832 1161 propius
849 1067 1073 1162 deprendere
1090 1091 1211 1159 sensu,
1288 1123 1290 1126 -

324 1213 436 1288 Molis
454 1238 565 1312 egens
582 1223 704 1304 ccrtoe,
721 1223 785 1286 eut
801 1214 915 1288 solido
932 1217 1009 1288 sine
1026 1216 1168 1308 robore,
1186 1221 1288 1315 cujus

323 1365 487 1460 Denique
504 1364 685 1436 mobilitas
702 1363 843 1458 linquit,
861 1371 1050 1438 textumve
1067 1377 1201 1461 partes,

325 1514 408 1588 Ullo
423 1537 491 1596 nec
508 1535 651 1584 oronim
668 1511 943 1586 circumcaesura
959 1526 1114 1590 coercet.
1353 1532 1389 1595 18
1391 1548 1414 1618 5

324 1661 415 1736 Haec
433 1661 626 1758 conjuncto
642 1660 733 1734 odco
750 1668 827 1734 toto
843 1685 1017 1761 compage
1035 1665 1169 1740 fatetur

323 1811 495 1902 Mundus,
513 1821 551 1886 ot
568 1819 728 1885 extremo
745 1809 902 1886 clamant
919 1815 956 1887 in
973 1815 1094 1890 limine
1112 1842 1243 1910 rerum,

325 1958 382 2052 (Si
398 1959 506 2032 rebus
524 1959 631 2030 detur
647 1957 863 2052 extremum)
882 1963 1089 2057 primordie.
1140 1968 1276 2042 Firmet

325 2106 414 2178 Haec
431 2106 557 2178 ecdem
575 2113 694 2177 tactus
714 2104 866 2198 (tectum
884 2109 963 2203 quis
982 2111 1101 2185 dicere
1119 2114 1248 2186 falsum

311 2255 468 2337 ‚Audeat
480 2251 509 2346 i)
536 2254 616 2327 hoec
634 2254 728 2327 oculi
744 2278 811 2328 nec
828 2255 969 2331 lucidus
987 2261 1107 2354 arguit
1123 2262 1231 2334 orbis.
1353 2293 1414 2358 190

374 2405 464 2478 Inde
481 2411 701 2498 potestatum
719 2403 839 2476 enasci
857 2403 1069 2477 densissime
1085 2407 1204 2501 proles
1218 2437 1230 2490 ;

324 2552 420 2624 Nem
437 2552 675 2646 quodcunque
692 2517 777 2623 ferit
792 2551 921 2638 visum,
940 2554 1086 2649 tangive
1104 2553 1255 2642 loborat,
1317 2557 1320 2563 ’

326 2697 510 2792 Quicquid
526 2720 612 2769 nere
628 2696 736 2784 bibis,
753 2695 812 2768 vel
830 2719 990 2769 concava
1007 2699 1166 2794 concipit
1182 2700 1290 2788 euris,

325 2847 510 2943 Quicquid
526 2846 650 2943 lingua
667 2845 773 2941 sopit,
792 2845 919 2918 credas
936 2845 1005 2918 hoc
1023 2871 1140 2935 omne,
1158 2871 1306 2921 necesse
1325 2860 1380 2921 est

325 2996 559 3085 Ponderibus,
576 3004 690 3084 textu,
709 2995 885 3084 discursu,
902 2995 1008 3084 mole,
1025 2995 1141 3092 figura
1354 3027 1392 3089 ιε)
1394 3028 1413 3091 5

325 3145 523 3220 Portieulns
540 3153 711 3242 praesturc
729 3143 839 3233 leves,
858 3153 895 3217 ct
911 3146 1049 3218 semina
1065 3169 1198 3218 rerum.

326 3296 433 3368 Nunc
451 3293 573 3367 oculos
590 3292 701 3389 igitur
717 3303 883 3388 poscunt,
900 3303 939 3366 et
954 3293 1034 3366 luce
1052 3294 1216 3366 ministre

327 3442 477 3540 Fulgore
495 3450 627 3514 cuncta
642 3439 757 3529 vides,
775 3441 967 3538 spargique
985 3442 1164 3516 coloribus
1181 3443 1317 3531 orbem,

326 3598 422 3670 Dum
440 3597 485 3670 do
503 3595 578 3669 sole
595 3595 743 3667 trahunt
759 3594 859 3682 elios,
877 3595 1035 3690 eliasque
1054 3617 1208 3690 superne

326 3748 562 3842 Detorquent,
579 3753 746 3840 retroque
764 3745 896 3817 docent
913 3767 952 3816 se
969 3753 1110 3816 vertere
1127 3743 1299 3814 flammas.
1355 3769 1416 3816 200

327 3897 434 3969 Nunc
451 3894 593 3989 trepido
611 3894 705 3964 inter
721 3915 760 3964 se
778 3892 920 3962 servent
937 3889 1150 3984 corpusculo
1166 3889 1285 3984 pulsu,

329 4047 379 4120 Ut
395 4054 528 4118 tremor
543 4043 678 4115 aethern
693 4063 759 4136 per
775 4063 958 4135 magnum,
975 4040 1117 4132 lateque
1134 3991 1299 4109 nubentes

326 4198 502 4270 Aurorum
521 4195 651 4267 fluctus
669 4191 765 4264 avidi
782 4189 963 4262 vibrantia
979 4188 1137 4260 claustro

327 4344 482 4418 Auditus
501 4349 610 4436 quent
626 4338 746 4426 allabi,
764 4337 990 4430 sonitumque
1007 4342 1198 4430 propaget.

1133 4496 1150 4536 c
1165 4479 1183 4534 2
