3824 5450
903 727 924 799 9

370 923 538 1011 Roscida,
557 947 637 996 cum
656 921 812 1018 Zephyri
830 922 952 994 frutim
970 923 1036 994 sub
1054 925 1214 1021 vesperis
1231 924 1320 998 horo
1399 963 1402 982 ·

369 1073 579 1168 Respondet
595 1074 700 1160 votis,
718 1072 932 1167 mollemque
950 1074 1086 1170 aspirat
1103 1098 1270 1148 amorem.

416 1221 487 1292 Tot
502 1229 624 1314 portas
641 1219 723 1290 altae
740 1219 868 1314 capitis
886 1220 1122 1292 circumdedit
1138 1221 1211 1294 arci
1397 1249 1457 1318 135
1498 1304 1503 1322 ι

367 1370 474 1442 Alma
491 1367 635 1454 Parcus,
654 1390 850 1462 sensusque
869 1368 945 1440 vias
962 1391 1028 1463 per
1045 1370 1206 1441 membra
1222 1371 1389 1454 reclusit;

368 1521 477 1594 llaud
495 1519 612 1593 solas:
640 1542 793 1614 namquo
811 1519 908 1592 intus
926 1519 1003 1616 agit
1019 1519 1139 1594 vivata
1157 1521 1321 1611 foculus,

367 1673 451 1746 Qua
467 1697 546 1745 sese
564 1672 738 1767 explorat,
757 1673 1087 1768 contemplatusque
1103 1685 1252 1770 repente

365 1819 448 1912 lpse
467 1842 555 1890 suas
572 1820 712 1890 animus
729 1819 837 1906 vires,
856 1830 1105 1916 momentaque
1124 1825 1250 1895 cernit.

366 1965 464 2039 Quid
481 1965 580 2052 velit,
597 1973 661 2036 aut
676 1965 801 2058 possit,
820 1964 954 2058 cupiat,
971 1965 1131 2060 fugiatve
1149 1968 1306 2040 vicissim
1394 1996 1456 2058 ¹40

364 2114 521 2209 Percipit
537 2113 688 2208 imperio
705 2113 867 2209 gaudens
882 2143 891 2195 ;
918 2137 1034 2208 neque
1052 2137 1203 2210 corpora
1218 2116 1347 2188 fallunt

362 2267 546 2362 Morigera
563 2266 610 2338 ad
628 2265 763 2338 celeres
780 2275 895 2352 actus,
913 2288 956 2337 ac
973 2265 1121 2336 numina
1137 2267 1279 2338 mentis.

413 2419 540 2493 Qualis
559 2417 855 2512 Hamadryadum
874 2415 1053 2510 quondam
1072 2417 1101 2487 si
1119 2417 1211 2488 forte
1230 2439 1390 2487 sororum

362 2567 456 2656 Una,
474 2590 586 2639 novos
603 2589 800 2662 peragrans
818 2565 942 2654 saltus,
960 2575 997 2637 et
1014 2566 1120 2638 devia
1135 2589 1240 2650 rura;

364 2718 500 2814 (Atque
518 2719 615 2790 illam
632 2713 669 2790 in
686 2681 793 2790 viridi
811 2717 939 2790 suadet
955 2717 1190 2812 procumbere
1207 2719 1287 2814 ripa
1388 2745 1448 2813 145
1540 2731 1541 2734 ’

361 2867 483 2941 Fontis
501 2893 592 2964 pura
609 2868 722 2963 quies,
741 2876 779 2939 et
794 2865 898 2960 opaci
915 2865 1059 2961 frigoris
1076 2863 1220 2957 umbra)

359 3021 454 3094 Dum
473 3042 588 3114 prona
604 3021 641 3090 in
658 3019 783 3091 latices
801 3018 937 3113 speculi
955 3017 1000 3090 do
1018 3018 1180 3112 margine
1196 3017 1343 3112 pendet,

358 3167 492 3242 Miratu
509 3179 565 3243 cst
582 3169 736 3242 subitam
754 3169 911 3242 venienti
929 3191 1116 3242 occurrere
1135 3166 1366 3264 Nymplram:

358 3321 446 3394 Mox
464 3321 621 3409 eosdem,
640 3344 728 3416 quos
746 3321 836 3416 ipsa,
854 3329 965 3408 artus,
984 3320 1109 3392 cadem
1127 3343 1191 3392 ora
1207 3329 1392 3414 gerentem

358 3467 441 3540 Una
457 3470 588 3541 inferre
606 3469 752 3563 gradus,
770 3492 842 3540 una
859 3469 1054 3541 succedere
1073 3470 1184 3564 sylvae
1387 3495 1446 3562 150

356 3611 498 3707 Aspicit
515 3614 677 3686 alludens
692 3643 701 3696 ;
728 3637 877 3707 seseque
895 3614 1059 3707 agnoscit
1074 3613 1112 3683 in
1129 3612 1245 3683 undio.

357 3758 416 3832 Sic
435 3783 543 3832 sensu
559 3763 700 3833 interno
716 3783 835 3832 rerum
854 3760 1044 3832 simulacra
1060 3783 1205 3831 suarum

354 3907 461 3981 Mens
479 3911 562 3998 ciet,
581 3921 618 3984 ct
634 3911 797 4006 proprios
814 3909 984 3982 observat
1001 3909 1145 3982 conscia
1161 3909 1293 3982 vultus.

353 4057 432 4130 Nec
449 4081 536 4131 vero
554 4058 706 4153 simplex
722 4059 826 4146 ratio,
844 4067 907 4129 aut
919 4058 979 4152 jus
997 4057 1162 4130 omnibus
1179 4082 1289 4130 unum

353 4205 503 4278 Constat
519 4207 747 4302 imaginibus.
799 4206 892 4278 Sunt
910 4229 988 4302 qua
1004 4207 1090 4278 bina
1107 4209 1199 4280 ostia
1215 4217 1348 4281 norunt
1361 4234 1441 4304 3155

352 4355 422 4427 llae
439 4355 560 4450 privos
579 4363 724 4427 servant
740 4354 858 4426 aditus
873 4385 882 4439 ;
910 4356 986 4428 sine
1002 4356 1143 4452 legibus
1160 4357 1231 4430 illae

1189 4525 1207 4564 C
