3824 5450
985 796 1032 868 52
1055 759 1058 764 ’

514 986 608 1062 Veni
623 989 774 1084 proinde
793 986 905 1087 Sophi
920 993 1052 1066 misero
1067 993 1238 1090 indagate
1255 995 1377 1070 lnbore

466 1135 571 1210 Retia
587 1160 778 1211 nervorum
795 1149 834 1211 et
849 1137 1017 1212 cerebelli
1032 1140 1154 1214 mollin
1170 1142 1337 1233 claustra,
1487 1179 1521 1222 rr
1526 1179 1547 1244 5

464 1284 612 1358 Scilicet
627 1297 669 1359 ut
684 1288 788 1360 vobis
805 1311 892 1360 cure
908 1299 1115 1384 expugnata
1131 1295 1276 1387 sequaci

464 1436 570 1511 Clam
586 1439 685 1514 cluat
699 1441 830 1514 mentis
846 1441 950 1530 ratio,
966 1444 1138 1540 mysteria
1153 1447 1276 1542 magni

462 1589 633 1679 Artificis,
650 1590 821 1686 volgique
837 1589 950 1664 oculis
967 1591 1103 1664 nudum
1118 1601 1330 1688 putescant:
1428 1691 1431 1699 1

463 1735 535 1812 Seu
552 1741 655 1836 quusi
671 1741 854 1814 tectilibus
870 1740 972 1814 nervi
989 1749 1118 1814 netum
1133 1743 1309 1815 tremiscit

462 1889 683 1964 Smminibus
698 1893 846 1988 passim,
862 1902 970 1989 utque
987 1894 1163 1989 impulsus
1179 1896 1263 1969 viva
1278 1897 1456 1970 vibrando
1483 1912 1545 1976 12'0

463 2043 663 2139 Propegnt3
688 2043 836 2117 melicos
852 2067 924 2140 quo
939 2053 1047 2141 pacto
1064 2043 1200 2118 chorda
1216 2069 1362 2120 sonores

461 2192 643 2289 Orgenice
657 2193 803 2290 pulsata
818 2215 952 2276 mnnu3
977 2215 1042 2265 seu
1057 2191 1215 2286 liquidus
1230 2192 1349 2286 aether,

459 2341 766 2437 Multipliceisque
782 2340 898 2434 magis
914 2338 1060 2411 tubulos
1076 2339 1242 2411 diffusilis
1257 2341 1388 2413 humor

460 2489 591 2584 Stipet,
608 2487 862 2581 sensiferisque
878 2485 974 2558 ultro
989 2485 1086 2580 riget
1100 2485 1238 2558 metibu’
1256 2497 1424 2558 mentem.

459 2639 512 2711 Ut
527 2637 648 2732 lupide
664 2634 797 2729 injecto
813 2632 971 2728 plucidni'
985 2631 1065 2704 lene
1082 2641 1247 2704 movetur
1481 2665 1518 2710 12
1523 2667 1543 2732 5

457 2787 595 2884 AEquor
610 2804 723 2880 nquae,
740 2791 778 2854 et
793 2779 953 2876 trepidus
970 2778 1146 2852 sinuando
1161 2778 1313 2851 circinat
1329 2781 1465 2864 undus3

457 2937 654 3010 Incassum.
704 2932 833 3030 Neque
850 2931 945 3006 enim
961 2931 1039 3005 veri
1054 2931 1286 3042 procudimus
1302 2933 1427 3022 hilum,

456 3086 536 3160 Nec
553 3095 691 3159 certum
708 3084 937 3180 adsequimur
952 3083 1091 3171 callem,
1108 3091 1315 3178 tractusque
1333 3107 1489 3172 serenos,

457 3236 551 3310 Avia
566 3236 720 3333 figentes
736 3235 834 3308 nullo
850 3233 1005 3329 vestigia
1020 3232 1132 3306 fundo
1146 3263 1156 3316 ;

456 3385 508 3460 At
524 3387 612 3461 caeci
628 3386 821 3482 tristesque
837 3406 903 3480 per
919 3382 1114 3478 ancipitem
1130 3381 1390 3480 Labyrinthum
1477 3415 1540 3481 130

456 3535 635 3634 Perpetuo
650 3533 826 3634 putamur,
844 3541 882 3606 et
897 3530 980 3605 ultis
996 3530 1174 3606 volvimur
1189 3533 1338 3606 umbris.
