3824 5450
982 699 1030 770 20

459 900 627 976 Membra
643 908 722 970 toro
739 899 889 970 desueta
906 897 1188 992 superposuisse,
1205 921 1321 993 nequo
1339 899 1431 971 ultra

459 1049 591 1146 Flagra
603 1047 726 1144 gravis
739 1044 885 1134 domini,
896 1054 959 1118 aut
971 1045 1141 1120 comitum
1155 1046 1358 1118 meminisse
1372 1045 1546 1142 querelas.

458 1199 538 1276 Nec
556 1208 692 1272 temere
709 1196 771 1270 illa
785 1195 912 1268 mdem
928 1195 1058 1268 ludunt
1074 1195 1250 1268 insomnia
1266 1206 1436 1268 mentem.
1503 1208 1541 1270 61

455 1351 547 1424 Esse
564 1348 694 1436 Deum,
711 1347 864 1418 ultorem
881 1345 1038 1432 sceleris,
1055 1345 1239 1439 tardaeque
1256 1344 1461 1415 ministrum

455 1497 478 1573 J
480 1497 624 1585 ustitia,
642 1503 771 1567 natura
787 1493 917 1566 docet:
942 1516 1011 1565 neo
1028 1515 1174 1565 cernere
1191 1493 1325 1564 frustra
1439 1580 1452 1604 ι

457 1641 639 1716 Credibile
657 1649 714 1714 est
729 1641 829 1712 illum
845 1640 1033 1735 lacrymas,
1052 1650 1089 1712 et
1105 1639 1223 1712 tristia
1238 1641 1372 1712 mantis

456 1782 739 1865 Vulnera-Sic
756 1785 860 1859 vobis
876 1786 971 1858 ultra
987 1787 1139 1860 confinia
1154 1788 1239 1860 vitae
1503 1804 1544 1888 ⁶⁵

457 1937 598 2024 Leniat,
615 1935 749 2022 afflicti,
767 1934 934 2029 gemitus,
952 1935 1004 2007 sic
1020 1935 1141 2008 limine
1157 1938 1283 2010 mortis

456 2082 638 2178 Excipiat‚
657 2102 819 2176 puroque
836 2079 973 2151 animos
990 2079 1124 2154 soletur
1140 2105 1271 2156 amore.

504 2231 588 2306 lam
604 2252 692 2303 vero
708 2227 848 2324 Elysios
864 2227 988 2317 saltus,
1006 2229 1271 2327 habitandaque
1289 2235 1397 2306 castis

455 2382 556 2458 Arva
571 2379 712 2478 piorum
729 2379 868 2469 animis,
886 2387 925 2452 et
940 2380 1070 2452 amoeni
1088 2379 1295 2457 umbracula
1311 2383 1395 2473 luci,

456 2536 702 2610 Moerentesve
719 2531 935 2605 Acherontis
952 2555 1076 2628 aquas,
1094 2531 1297 2630 Lethesque
1315 2560 1483 2632 soporum
1502 2568 1545 2636 70

457 2689 619 2776 Flumen,
636 2695 675 2761 et
691 2687 739 2758 ad
756 2686 877 2760 tristes
894 2695 1030 2758 aeterna
1047 2688 1258 2782 crepuscula
1273 2689 1382 2786 ripas,

457 2841 704 2938 Ultricemque
720 2848 869 2926 metum,
887 2837 1141 2933 exurendaque
1159 2838 1308 2912 crimina
1324 2839 1477 2932 flamma,

459 2991 560 3067 Quid
576 2989 655 3077 tibi,
672 2988 844 3076 mortalis,
862 2989 953 3060 tanti
971 2998 1028 3060 est
1044 2987 1207 3083 garrire?
1233 2991 1319 3086 quid
1336 2992 1397 3066 illa

436 3145 439 3152 '
458 3137 583 3234 Usque
600 3138 691 3211 adeo
708 3137 843 3230 majora
859 3146 923 3207 tua
938 3136 1110 3230 mysteria
1126 3149 1246 3210 mente

458 3285 708 3379 Nequicquam
725 3282 888 3376 exagitas
905 3282 1014 3354 animi
1030 3281 1165 3354 miser?
1190 3285 1297 3379 inque
1315 3288 1459 3380 peditus
1503 3307 1543 3381 75

460 3433 602 3521 Haeras,
619 3433 929 3528 conquererisque,
948 3442 985 3504 et
1001 3433 1097 3505 inani
1114 3433 1247 3507 fallaris
1264 3436 1418 3510 umbra?

459 3596 582 3668 Vastae
598 3594 671 3668 illic
687 3595 834 3666 obstant
849 3593 1020 3680 tenebrae,
1037 3593 1256 3690 ulteriusque
1273 3597 1398 3690 vagari

461 3743 669 3839 Impediunt
685 3743 881 3837 caligantes
898 3741 1054 3812 velantia
1071 3765 1197 3814 sensus

461 3891 608 3980 Nubila,
626 3891 711 3963 dum
727 3891 835 3964 bruta
851 3900 1007 3963 mentem
1025 3891 1092 3963 sub
1109 3892 1203 3964 mole
1220 3891 1350 3987 fatigat

462 4037 606 4112 Pondus
622 4039 735 4112 babes
750 4039 1003 4128 membrorum,
1021 4049 1059 4111 et
1074 4038 1219 4111 vincula
1235 4039 1406 4111 materiai.
1505 4051 1547 4116 80

511 4189 601 4263 Esse
618 4200 738 4264 autern
755 4189 991 4262 immortalem
1008 4189 1175 4278 animam,
1194 4189 1387 4286 fractaeque
1404 4191 1516 4264 ruinis

465 4338 642 4429 Materiae,
660 4349 767 4435 atque
786 4339 863 4412 orbi
880 4339 1024 4435 penitus
1040 4361 1227 4433 superesse
1244 4339 1397 4426 revulso,
